%YAML 1.1
%TAG !u! tag:unity3d.com,2011:
--- !u!1 &525926211198527889
GameObject:
  m_ObjectHideFlags: 0
  m_CorrespondingSourceObject: {fileID: 0}
  m_PrefabInstance: {fileID: 0}
  m_PrefabAsset: {fileID: 0}
  serializedVersion: 6
  m_Component:
  - component: {fileID: 3472070941863297443}
  - component: {fileID: 5775748360670608828}
  - component: {fileID: 3424047849270464490}
  - component: {fileID: 1285648188181232296}
  - component: {fileID: 726547936953428895}
  - component: {fileID: 8560736301777703742}
  m_Layer: 0
  m_Name: leg_foot_8x8_skelet
  m_TagString: Untagged
  m_Icon: {fileID: 0}
  m_NavMeshLayer: 0
  m_StaticEditorFlags: 0
  m_IsActive: 1
--- !u!4 &3472070941863297443
Transform:
  m_ObjectHideFlags: 0
  m_CorrespondingSourceObject: {fileID: 0}
  m_PrefabInstance: {fileID: 0}
  m_PrefabAsset: {fileID: 0}
  m_GameObject: {fileID: 525926211198527889}
  m_LocalRotation: {x: -0, y: -0, z: -0, w: 1}
  m_LocalPosition: {x: 0, y: 0, z: 0}
  m_LocalScale: {x: 1, y: 1, z: 1}
  m_Children: []
  m_Father: {fileID: 1772141471134078241}
  m_RootOrder: 12
  m_LocalEulerAnglesHint: {x: 0, y: 0, z: 0}
--- !u!33 &5775748360670608828
MeshFilter:
  m_ObjectHideFlags: 0
  m_CorrespondingSourceObject: {fileID: 0}
  m_PrefabInstance: {fileID: 0}
  m_PrefabAsset: {fileID: 0}
  m_GameObject: {fileID: 525926211198527889}
  m_Mesh: {fileID: 4300012, guid: f717c40e56dd58d45b6b4e5b60918f23, type: 3}
--- !u!23 &3424047849270464490
MeshRenderer:
  m_ObjectHideFlags: 0
  m_CorrespondingSourceObject: {fileID: 0}
  m_PrefabInstance: {fileID: 0}
  m_PrefabAsset: {fileID: 0}
  m_GameObject: {fileID: 525926211198527889}
  m_Enabled: 1
  m_CastShadows: 1
  m_ReceiveShadows: 1
  m_DynamicOccludee: 1
  m_MotionVectors: 1
  m_LightProbeUsage: 1
  m_ReflectionProbeUsage: 1
  m_RenderingLayerMask: 1
  m_RendererPriority: 0
  m_Materials:
  - {fileID: 2100000, guid: c0f8871d346d27f42b8666536fe0c730, type: 2}
  m_StaticBatchInfo:
    firstSubMesh: 0
    subMeshCount: 0
  m_StaticBatchRoot: {fileID: 0}
  m_ProbeAnchor: {fileID: 0}
  m_LightProbeVolumeOverride: {fileID: 0}
  m_ScaleInLightmap: 1
  m_PreserveUVs: 0
  m_IgnoreNormalsForChartDetection: 0
  m_ImportantGI: 0
  m_StitchLightmapSeams: 0
  m_SelectedEditorRenderState: 3
  m_MinimumChartSize: 4
  m_AutoUVMaxDistance: 0.5
  m_AutoUVMaxAngle: 89
  m_LightmapParameters: {fileID: 0}
  m_SortingLayerID: 0
  m_SortingLayer: 0
  m_SortingOrder: 0
--- !u!65 &1285648188181232296
BoxCollider:
  m_ObjectHideFlags: 0
  m_CorrespondingSourceObject: {fileID: 0}
  m_PrefabInstance: {fileID: 0}
  m_PrefabAsset: {fileID: 0}
  m_GameObject: {fileID: 525926211198527889}
  m_Material: {fileID: 0}
  m_IsTrigger: 0
  m_Enabled: 1
  serializedVersion: 2
  m_Size: {x: 0.02, y: 0.03, z: 0.02}
  m_Center: {x: 0, y: 0.015, z: 0}
--- !u!65 &726547936953428895
BoxCollider:
  m_ObjectHideFlags: 0
  m_CorrespondingSourceObject: {fileID: 0}
  m_PrefabInstance: {fileID: 0}
  m_PrefabAsset: {fileID: 0}
  m_GameObject: {fileID: 525926211198527889}
  m_Material: {fileID: 0}
  m_IsTrigger: 0
  m_Enabled: 1
  serializedVersion: 2
  m_Size: {x: 0.02, y: 0.01, z: 0.02}
  m_Center: {x: 0, y: 0.015, z: 0.02}
--- !u!54 &8560736301777703742
Rigidbody:
  m_ObjectHideFlags: 0
  m_CorrespondingSourceObject: {fileID: 0}
  m_PrefabInstance: {fileID: 0}
  m_PrefabAsset: {fileID: 0}
  m_GameObject: {fileID: 525926211198527889}
  serializedVersion: 2
  m_Mass: 1
  m_Drag: 0
  m_AngularDrag: 0.05
  m_UseGravity: 1
  m_IsKinematic: 0
  m_Interpolate: 0
  m_Constraints: 0
  m_CollisionDetection: 0
--- !u!1 &1772141471133649153
GameObject:
  m_ObjectHideFlags: 0
  m_CorrespondingSourceObject: {fileID: 0}
  m_PrefabInstance: {fileID: 0}
  m_PrefabAsset: {fileID: 0}
  serializedVersion: 6
  m_Component:
  - component: {fileID: 1772141471134078241}
  m_Layer: 0
  m_Name: leg_foot_destr
  m_TagString: Untagged
  m_Icon: {fileID: 0}
  m_NavMeshLayer: 0
  m_StaticEditorFlags: 0
  m_IsActive: 1
--- !u!4 &1772141471134078241
Transform:
  m_ObjectHideFlags: 0
  m_CorrespondingSourceObject: {fileID: 0}
  m_PrefabInstance: {fileID: 0}
  m_PrefabAsset: {fileID: 0}
  m_GameObject: {fileID: 1772141471133649153}
  m_LocalRotation: {x: 0, y: 0, z: 0, w: 1}
  m_LocalPosition: {x: 0, y: 0, z: 0}
  m_LocalScale: {x: 1, y: 1, z: 1}
  m_Children:
  - {fileID: 1772141471134078265}
  - {fileID: 1772141471134078267}
  - {fileID: 1772141471134078269}
  - {fileID: 1772141471134078271}
  - {fileID: 1772141471134078257}
  - {fileID: 1772141471134078259}
  - {fileID: 1772141471134078261}
  - {fileID: 1772141471134078263}
  - {fileID: 1772141471134078249}
  - {fileID: 1772141471134078251}
  - {fileID: 1772141471134078253}
  - {fileID: 1772141471134078255}
  - {fileID: 3472070941863297443}
  m_Father: {fileID: 0}
  m_RootOrder: 0
  m_LocalEulerAnglesHint: {x: 0, y: 0, z: 0}
--- !u!1 &1772141471133649161
GameObject:
  m_ObjectHideFlags: 0
  m_CorrespondingSourceObject: {fileID: 0}
  m_PrefabInstance: {fileID: 0}
  m_PrefabAsset: {fileID: 0}
  serializedVersion: 6
  m_Component:
  - component: {fileID: 1772141471134078249}
  - component: {fileID: 1772141471132751113}
  - component: {fileID: 1772141471131654089}
  - component: {fileID: 7902280227657087218}
  - component: {fileID: 3857785731548885289}
  m_Layer: 0
  m_Name: leg_foot_8x8_skin_cell.008
  m_TagString: Untagged
  m_Icon: {fileID: 0}
  m_NavMeshLayer: 0
  m_StaticEditorFlags: 0
  m_IsActive: 1
--- !u!4 &1772141471134078249
Transform:
  m_ObjectHideFlags: 0
  m_CorrespondingSourceObject: {fileID: 0}
  m_PrefabInstance: {fileID: 0}
  m_PrefabAsset: {fileID: 0}
  m_GameObject: {fileID: 1772141471133649161}
  m_LocalRotation: {x: -0.7071068, y: 0, z: -0, w: 0.7071067}
  m_LocalPosition: {x: 0.020431027, y: 0.008268995, z: 0.02484727}
  m_LocalScale: {x: 1, y: 1, z: 1}
  m_Children: []
  m_Father: {fileID: 1772141471134078241}
  m_RootOrder: 8
  m_LocalEulerAnglesHint: {x: 0, y: 0, z: 0}
--- !u!33 &1772141471132751113
MeshFilter:
  m_ObjectHideFlags: 0
  m_CorrespondingSourceObject: {fileID: 0}
  m_PrefabInstance: {fileID: 0}
  m_PrefabAsset: {fileID: 0}
  m_GameObject: {fileID: 1772141471133649161}
  m_Mesh: {fileID: 4300006, guid: 2dfcdff04f7d31d4cbb25ea5d856dd4b, type: 3}
--- !u!23 &1772141471131654089
MeshRenderer:
  m_ObjectHideFlags: 0
  m_CorrespondingSourceObject: {fileID: 0}
  m_PrefabInstance: {fileID: 0}
  m_PrefabAsset: {fileID: 0}
  m_GameObject: {fileID: 1772141471133649161}
  m_Enabled: 1
  m_CastShadows: 1
  m_ReceiveShadows: 1
  m_DynamicOccludee: 1
  m_MotionVectors: 1
  m_LightProbeUsage: 1
  m_ReflectionProbeUsage: 1
  m_RenderingLayerMask: 1
  m_RendererPriority: 0
  m_Materials:
  - {fileID: 2100000, guid: 2dfcdff04f7d31d4cbb25ea5d856dd4b, type: 3}
  - {fileID: 2100002, guid: 2dfcdff04f7d31d4cbb25ea5d856dd4b, type: 3}
  m_StaticBatchInfo:
    firstSubMesh: 0
    subMeshCount: 0
  m_StaticBatchRoot: {fileID: 0}
  m_ProbeAnchor: {fileID: 0}
  m_LightProbeVolumeOverride: {fileID: 0}
  m_ScaleInLightmap: 1
  m_PreserveUVs: 0
  m_IgnoreNormalsForChartDetection: 0
  m_ImportantGI: 0
  m_StitchLightmapSeams: 0
  m_SelectedEditorRenderState: 3
  m_MinimumChartSize: 4
  m_AutoUVMaxDistance: 0.5
  m_AutoUVMaxAngle: 89
  m_LightmapParameters: {fileID: 0}
  m_SortingLayerID: 0
  m_SortingLayer: 0
  m_SortingOrder: 0
--- !u!64 &7902280227657087218
MeshCollider:
  m_ObjectHideFlags: 0
  m_CorrespondingSourceObject: {fileID: 0}
  m_PrefabInstance: {fileID: 0}
  m_PrefabAsset: {fileID: 0}
  m_GameObject: {fileID: 1772141471133649161}
  m_Material: {fileID: 0}
  m_IsTrigger: 0
  m_Enabled: 1
  serializedVersion: 3
  m_Convex: 1
  m_CookingOptions: 14
  m_Mesh: {fileID: 4300006, guid: 2dfcdff04f7d31d4cbb25ea5d856dd4b, type: 3}
--- !u!114 &3857785731548885289
MonoBehaviour:
  m_ObjectHideFlags: 0
  m_CorrespondingSourceObject: {fileID: 0}
  m_PrefabInstance: {fileID: 0}
  m_PrefabAsset: {fileID: 0}
  m_GameObject: {fileID: 1772141471133649161}
  m_Enabled: 1
  m_EditorHideFlags: 0
  m_Script: {fileID: 11500000, guid: b1bbb502083c41048a8fedc6a9693be7, type: 3}
  m_Name: 
  m_EditorClassIdentifier: 
  totalHitPoints: 50
  currentHitPoints: 50
  damageLevels:
  - maxHitPoints: 50
    minHitPoints: 41
    healthPercent: 100
    hasError: 0
    visibleDamageLevel: 0
  - maxHitPoints: 40
    minHitPoints: 31
    healthPercent: 80
    hasError: 0
    visibleDamageLevel: 2
  - maxHitPoints: 30
    minHitPoints: 21
    healthPercent: 60
    hasError: 0
    visibleDamageLevel: 4
  - maxHitPoints: 20
    minHitPoints: 11
    healthPercent: 40
    hasError: 0
    visibleDamageLevel: 6
  - maxHitPoints: 10
    minHitPoints: 0
    healthPercent: 20
    hasError: 0
    visibleDamageLevel: 8
  destroyedPrefab: {fileID: 0}
  destroyedPrefabParent: {fileID: 0}
  fallbackParticle: {fileID: 0}
  fallbackParticleMaterial: {fileID: 0}
  damageEffects: []
  velocityReduction: 0.5
  ignoreCollisionsUnder: 2
  unparentOnDestroy: []
  disableKinematicOnUparentedChildren: 1
  replaceMaterials: []
  canBeDestroyed: 1
  canBeRepaired: 0
  canBeObliterated: 1
  debrisToReParentByName: []
  debrisToReParentIsKinematic: 0
  childrenToReParentByName: []
  destructibleGroupId: 0
  isDebrisChipAway: 0
  chipAwayDebrisMass: 1
  chipAwayDebrisDrag: 0
  chipAwayDebrisAngularDrag: 0.05
  autoPoolDestroyedPrefab: 1
  useFallbackParticle: 1
  centerPointOverride: {x: 0, y: 0, z: 0}
  sinkWhenDestroyed: 0
  shouldDeactivate: 0
  isTerrainTree: 0
--- !u!1 &1772141471133649163
GameObject:
  m_ObjectHideFlags: 0
  m_CorrespondingSourceObject: {fileID: 0}
  m_PrefabInstance: {fileID: 0}
  m_PrefabAsset: {fileID: 0}
  serializedVersion: 6
  m_Component:
  - component: {fileID: 1772141471134078251}
  - component: {fileID: 1772141471132751115}
  - component: {fileID: 1772141471131654091}
  - component: {fileID: 3695671144745528698}
  - component: {fileID: 1123901111356444494}
  m_Layer: 0
  m_Name: leg_foot_8x8_skin_cell.009
  m_TagString: Untagged
  m_Icon: {fileID: 0}
  m_NavMeshLayer: 0
  m_StaticEditorFlags: 0
  m_IsActive: 1
--- !u!4 &1772141471134078251
Transform:
  m_ObjectHideFlags: 0
  m_CorrespondingSourceObject: {fileID: 0}
  m_PrefabInstance: {fileID: 0}
  m_PrefabAsset: {fileID: 0}
  m_GameObject: {fileID: 1772141471133649163}
  m_LocalRotation: {x: -0.7071068, y: 0, z: -0, w: 0.7071067}
  m_LocalPosition: {x: 0.021846155, y: 0.025871739, z: -0.025898622}
  m_LocalScale: {x: 1, y: 1, z: 1}
  m_Children: []
  m_Father: {fileID: 1772141471134078241}
  m_RootOrder: 9
  m_LocalEulerAnglesHint: {x: 0, y: 0, z: 0}
--- !u!33 &1772141471132751115
MeshFilter:
  m_ObjectHideFlags: 0
  m_CorrespondingSourceObject: {fileID: 0}
  m_PrefabInstance: {fileID: 0}
  m_PrefabAsset: {fileID: 0}
  m_GameObject: {fileID: 1772141471133649163}
  m_Mesh: {fileID: 4300004, guid: 2dfcdff04f7d31d4cbb25ea5d856dd4b, type: 3}
--- !u!23 &1772141471131654091
MeshRenderer:
  m_ObjectHideFlags: 0
  m_CorrespondingSourceObject: {fileID: 0}
  m_PrefabInstance: {fileID: 0}
  m_PrefabAsset: {fileID: 0}
  m_GameObject: {fileID: 1772141471133649163}
  m_Enabled: 1
  m_CastShadows: 1
  m_ReceiveShadows: 1
  m_DynamicOccludee: 1
  m_MotionVectors: 1
  m_LightProbeUsage: 1
  m_ReflectionProbeUsage: 1
  m_RenderingLayerMask: 1
  m_RendererPriority: 0
  m_Materials:
  - {fileID: 2100002, guid: 2dfcdff04f7d31d4cbb25ea5d856dd4b, type: 3}
  - {fileID: 2100000, guid: 2dfcdff04f7d31d4cbb25ea5d856dd4b, type: 3}
  m_StaticBatchInfo:
    firstSubMesh: 0
    subMeshCount: 0
  m_StaticBatchRoot: {fileID: 0}
  m_ProbeAnchor: {fileID: 0}
  m_LightProbeVolumeOverride: {fileID: 0}
  m_ScaleInLightmap: 1
  m_PreserveUVs: 0
  m_IgnoreNormalsForChartDetection: 0
  m_ImportantGI: 0
  m_StitchLightmapSeams: 0
  m_SelectedEditorRenderState: 3
  m_MinimumChartSize: 4
  m_AutoUVMaxDistance: 0.5
  m_AutoUVMaxAngle: 89
  m_LightmapParameters: {fileID: 0}
  m_SortingLayerID: 0
  m_SortingLayer: 0
  m_SortingOrder: 0
--- !u!64 &3695671144745528698
MeshCollider:
  m_ObjectHideFlags: 0
  m_CorrespondingSourceObject: {fileID: 0}
  m_PrefabInstance: {fileID: 0}
  m_PrefabAsset: {fileID: 0}
  m_GameObject: {fileID: 1772141471133649163}
  m_Material: {fileID: 0}
  m_IsTrigger: 0
  m_Enabled: 1
  serializedVersion: 3
  m_Convex: 1
  m_CookingOptions: 14
  m_Mesh: {fileID: 4300004, guid: 2dfcdff04f7d31d4cbb25ea5d856dd4b, type: 3}
--- !u!114 &1123901111356444494
MonoBehaviour:
  m_ObjectHideFlags: 0
  m_CorrespondingSourceObject: {fileID: 0}
  m_PrefabInstance: {fileID: 0}
  m_PrefabAsset: {fileID: 0}
  m_GameObject: {fileID: 1772141471133649163}
  m_Enabled: 1
  m_EditorHideFlags: 0
  m_Script: {fileID: 11500000, guid: b1bbb502083c41048a8fedc6a9693be7, type: 3}
  m_Name: 
  m_EditorClassIdentifier: 
  totalHitPoints: 50
  currentHitPoints: 50
  damageLevels: []
  destroyedPrefab: {fileID: 0}
  destroyedPrefabParent: {fileID: 0}
  fallbackParticle: {fileID: 0}
  fallbackParticleMaterial: {fileID: 0}
  damageEffects: []
  velocityReduction: 0.5
  ignoreCollisionsUnder: 2
  unparentOnDestroy: []
  disableKinematicOnUparentedChildren: 1
  replaceMaterials: []
  canBeDestroyed: 1
  canBeRepaired: 0
  canBeObliterated: 1
  debrisToReParentByName: []
  debrisToReParentIsKinematic: 0
  childrenToReParentByName: []
  destructibleGroupId: 0
  isDebrisChipAway: 0
  chipAwayDebrisMass: 1
  chipAwayDebrisDrag: 0
  chipAwayDebrisAngularDrag: 0.05
  autoPoolDestroyedPrefab: 1
  useFallbackParticle: 1
  centerPointOverride: {x: 0, y: 0, z: 0}
  sinkWhenDestroyed: 0
  shouldDeactivate: 0
  isTerrainTree: 0
--- !u!1 &1772141471133649165
GameObject:
  m_ObjectHideFlags: 0
  m_CorrespondingSourceObject: {fileID: 0}
  m_PrefabInstance: {fileID: 0}
  m_PrefabAsset: {fileID: 0}
  serializedVersion: 6
  m_Component:
  - component: {fileID: 1772141471134078253}
  - component: {fileID: 1772141471132751117}
  - component: {fileID: 1772141471131654093}
  - component: {fileID: 7272031721547744853}
  - component: {fileID: 5781765582133003774}
  m_Layer: 0
  m_Name: leg_foot_8x8_skin_cell.010
  m_TagString: Untagged
  m_Icon: {fileID: 0}
  m_NavMeshLayer: 0
  m_StaticEditorFlags: 0
  m_IsActive: 1
--- !u!4 &1772141471134078253
Transform:
  m_ObjectHideFlags: 0
  m_CorrespondingSourceObject: {fileID: 0}
  m_PrefabInstance: {fileID: 0}
  m_PrefabAsset: {fileID: 0}
  m_GameObject: {fileID: 1772141471133649165}
  m_LocalRotation: {x: -0.7071068, y: 0, z: -0, w: 0.7071067}
  m_LocalPosition: {x: -0.01441708, y: 0.017342031, z: 0.015618066}
  m_LocalScale: {x: 1, y: 1, z: 1}
  m_Children: []
  m_Father: {fileID: 1772141471134078241}
  m_RootOrder: 10
  m_LocalEulerAnglesHint: {x: 0, y: 0, z: 0}
--- !u!33 &1772141471132751117
MeshFilter:
  m_ObjectHideFlags: 0
  m_CorrespondingSourceObject: {fileID: 0}
  m_PrefabInstance: {fileID: 0}
  m_PrefabAsset: {fileID: 0}
  m_GameObject: {fileID: 1772141471133649165}
  m_Mesh: {fileID: 4300002, guid: 2dfcdff04f7d31d4cbb25ea5d856dd4b, type: 3}
--- !u!23 &1772141471131654093
MeshRenderer:
  m_ObjectHideFlags: 0
  m_CorrespondingSourceObject: {fileID: 0}
  m_PrefabInstance: {fileID: 0}
  m_PrefabAsset: {fileID: 0}
  m_GameObject: {fileID: 1772141471133649165}
  m_Enabled: 1
  m_CastShadows: 1
  m_ReceiveShadows: 1
  m_DynamicOccludee: 1
  m_MotionVectors: 1
  m_LightProbeUsage: 1
  m_ReflectionProbeUsage: 1
  m_RenderingLayerMask: 1
  m_RendererPriority: 0
  m_Materials:
  - {fileID: 2100002, guid: 2dfcdff04f7d31d4cbb25ea5d856dd4b, type: 3}
  - {fileID: 2100000, guid: 2dfcdff04f7d31d4cbb25ea5d856dd4b, type: 3}
  m_StaticBatchInfo:
    firstSubMesh: 0
    subMeshCount: 0
  m_StaticBatchRoot: {fileID: 0}
  m_ProbeAnchor: {fileID: 0}
  m_LightProbeVolumeOverride: {fileID: 0}
  m_ScaleInLightmap: 1
  m_PreserveUVs: 0
  m_IgnoreNormalsForChartDetection: 0
  m_ImportantGI: 0
  m_StitchLightmapSeams: 0
  m_SelectedEditorRenderState: 3
  m_MinimumChartSize: 4
  m_AutoUVMaxDistance: 0.5
  m_AutoUVMaxAngle: 89
  m_LightmapParameters: {fileID: 0}
  m_SortingLayerID: 0
  m_SortingLayer: 0
  m_SortingOrder: 0
--- !u!64 &7272031721547744853
MeshCollider:
  m_ObjectHideFlags: 0
  m_CorrespondingSourceObject: {fileID: 0}
  m_PrefabInstance: {fileID: 0}
  m_PrefabAsset: {fileID: 0}
  m_GameObject: {fileID: 1772141471133649165}
  m_Material: {fileID: 0}
  m_IsTrigger: 0
  m_Enabled: 1
  serializedVersion: 3
  m_Convex: 1
  m_CookingOptions: 14
  m_Mesh: {fileID: 4300002, guid: 2dfcdff04f7d31d4cbb25ea5d856dd4b, type: 3}
--- !u!114 &5781765582133003774
MonoBehaviour:
  m_ObjectHideFlags: 0
  m_CorrespondingSourceObject: {fileID: 0}
  m_PrefabInstance: {fileID: 0}
  m_PrefabAsset: {fileID: 0}
  m_GameObject: {fileID: 1772141471133649165}
  m_Enabled: 1
  m_EditorHideFlags: 0
  m_Script: {fileID: 11500000, guid: b1bbb502083c41048a8fedc6a9693be7, type: 3}
  m_Name: 
  m_EditorClassIdentifier: 
  totalHitPoints: 50
  currentHitPoints: 50
  damageLevels: []
  destroyedPrefab: {fileID: 0}
  destroyedPrefabParent: {fileID: 0}
  fallbackParticle: {fileID: 0}
  fallbackParticleMaterial: {fileID: 0}
  damageEffects: []
  velocityReduction: 0.5
  ignoreCollisionsUnder: 2
  unparentOnDestroy: []
  disableKinematicOnUparentedChildren: 1
  replaceMaterials: []
  canBeDestroyed: 1
  canBeRepaired: 0
  canBeObliterated: 1
  debrisToReParentByName: []
  debrisToReParentIsKinematic: 0
  childrenToReParentByName: []
  destructibleGroupId: 0
  isDebrisChipAway: 0
  chipAwayDebrisMass: 1
  chipAwayDebrisDrag: 0
  chipAwayDebrisAngularDrag: 0.05
  autoPoolDestroyedPrefab: 1
  useFallbackParticle: 1
  centerPointOverride: {x: 0, y: 0, z: 0}
  sinkWhenDestroyed: 0
  shouldDeactivate: 0
  isTerrainTree: 0
--- !u!1 &1772141471133649167
GameObject:
  m_ObjectHideFlags: 0
  m_CorrespondingSourceObject: {fileID: 0}
  m_PrefabInstance: {fileID: 0}
  m_PrefabAsset: {fileID: 0}
  serializedVersion: 6
  m_Component:
  - component: {fileID: 1772141471134078255}
  - component: {fileID: 1772141471132751119}
  - component: {fileID: 1772141471131654095}
  - component: {fileID: 1784825064076249775}
  - component: {fileID: 4178933534405615270}
  m_Layer: 0
  m_Name: leg_foot_8x8_skin_cell.011
  m_TagString: Untagged
  m_Icon: {fileID: 0}
  m_NavMeshLayer: 0
  m_StaticEditorFlags: 0
  m_IsActive: 1
--- !u!4 &1772141471134078255
Transform:
  m_ObjectHideFlags: 0
  m_CorrespondingSourceObject: {fileID: 0}
  m_PrefabInstance: {fileID: 0}
  m_PrefabAsset: {fileID: 0}
  m_GameObject: {fileID: 1772141471133649167}
  m_LocalRotation: {x: -0.7071068, y: 0, z: -0, w: 0.7071067}
  m_LocalPosition: {x: 0.010579179, y: 0.024498573, z: 0.009598466}
  m_LocalScale: {x: 1, y: 1, z: 1}
  m_Children: []
  m_Father: {fileID: 1772141471134078241}
  m_RootOrder: 11
  m_LocalEulerAnglesHint: {x: 0, y: 0, z: 0}
--- !u!33 &1772141471132751119
MeshFilter:
  m_ObjectHideFlags: 0
  m_CorrespondingSourceObject: {fileID: 0}
  m_PrefabInstance: {fileID: 0}
  m_PrefabAsset: {fileID: 0}
  m_GameObject: {fileID: 1772141471133649167}
  m_Mesh: {fileID: 4300000, guid: 2dfcdff04f7d31d4cbb25ea5d856dd4b, type: 3}
--- !u!23 &1772141471131654095
MeshRenderer:
  m_ObjectHideFlags: 0
  m_CorrespondingSourceObject: {fileID: 0}
  m_PrefabInstance: {fileID: 0}
  m_PrefabAsset: {fileID: 0}
  m_GameObject: {fileID: 1772141471133649167}
  m_Enabled: 1
  m_CastShadows: 1
  m_ReceiveShadows: 1
  m_DynamicOccludee: 1
  m_MotionVectors: 1
  m_LightProbeUsage: 1
  m_ReflectionProbeUsage: 1
  m_RenderingLayerMask: 1
  m_RendererPriority: 0
  m_Materials:
  - {fileID: 2100000, guid: 2dfcdff04f7d31d4cbb25ea5d856dd4b, type: 3}
  - {fileID: 2100002, guid: 2dfcdff04f7d31d4cbb25ea5d856dd4b, type: 3}
  m_StaticBatchInfo:
    firstSubMesh: 0
    subMeshCount: 0
  m_StaticBatchRoot: {fileID: 0}
  m_ProbeAnchor: {fileID: 0}
  m_LightProbeVolumeOverride: {fileID: 0}
  m_ScaleInLightmap: 1
  m_PreserveUVs: 0
  m_IgnoreNormalsForChartDetection: 0
  m_ImportantGI: 0
  m_StitchLightmapSeams: 0
  m_SelectedEditorRenderState: 3
  m_MinimumChartSize: 4
  m_AutoUVMaxDistance: 0.5
  m_AutoUVMaxAngle: 89
  m_LightmapParameters: {fileID: 0}
  m_SortingLayerID: 0
  m_SortingLayer: 0
  m_SortingOrder: 0
--- !u!64 &1784825064076249775
MeshCollider:
  m_ObjectHideFlags: 0
  m_CorrespondingSourceObject: {fileID: 0}
  m_PrefabInstance: {fileID: 0}
  m_PrefabAsset: {fileID: 0}
  m_GameObject: {fileID: 1772141471133649167}
  m_Material: {fileID: 0}
  m_IsTrigger: 0
  m_Enabled: 1
  serializedVersion: 3
  m_Convex: 1
  m_CookingOptions: 14
  m_Mesh: {fileID: 4300000, guid: 2dfcdff04f7d31d4cbb25ea5d856dd4b, type: 3}
--- !u!114 &4178933534405615270
MonoBehaviour:
  m_ObjectHideFlags: 0
  m_CorrespondingSourceObject: {fileID: 0}
  m_PrefabInstance: {fileID: 0}
  m_PrefabAsset: {fileID: 0}
  m_GameObject: {fileID: 1772141471133649167}
  m_Enabled: 1
  m_EditorHideFlags: 0
  m_Script: {fileID: 11500000, guid: b1bbb502083c41048a8fedc6a9693be7, type: 3}
  m_Name: 
  m_EditorClassIdentifier: 
  totalHitPoints: 50
  currentHitPoints: 50
  damageLevels:
  - maxHitPoints: 50
    minHitPoints: 41
    healthPercent: 100
    hasError: 0
    visibleDamageLevel: 0
  - maxHitPoints: 40
    minHitPoints: 31
    healthPercent: 80
    hasError: 0
    visibleDamageLevel: 2
  - maxHitPoints: 30
    minHitPoints: 21
    healthPercent: 60
    hasError: 0
    visibleDamageLevel: 4
  - maxHitPoints: 20
    minHitPoints: 11
    healthPercent: 40
    hasError: 0
    visibleDamageLevel: 6
  - maxHitPoints: 10
    minHitPoints: 0
    healthPercent: 20
    hasError: 0
    visibleDamageLevel: 8
  destroyedPrefab: {fileID: 0}
  destroyedPrefabParent: {fileID: 0}
  fallbackParticle: {fileID: 0}
  fallbackParticleMaterial: {fileID: 0}
  damageEffects: []
  velocityReduction: 0.5
  ignoreCollisionsUnder: 2
  unparentOnDestroy: []
  disableKinematicOnUparentedChildren: 1
  replaceMaterials: []
  canBeDestroyed: 1
  canBeRepaired: 0
  canBeObliterated: 1
  debrisToReParentByName: []
  debrisToReParentIsKinematic: 0
  childrenToReParentByName: []
  destructibleGroupId: 0
  isDebrisChipAway: 0
  chipAwayDebrisMass: 1
  chipAwayDebrisDrag: 0
  chipAwayDebrisAngularDrag: 0.05
  autoPoolDestroyedPrefab: 1
  useFallbackParticle: 1
  centerPointOverride: {x: 0, y: 0, z: 0}
  sinkWhenDestroyed: 0
  shouldDeactivate: 0
  isTerrainTree: 0
--- !u!1 &1772141471133649169
GameObject:
  m_ObjectHideFlags: 0
  m_CorrespondingSourceObject: {fileID: 0}
  m_PrefabInstance: {fileID: 0}
  m_PrefabAsset: {fileID: 0}
  serializedVersion: 6
  m_Component:
  - component: {fileID: 1772141471134078257}
  - component: {fileID: 1772141471132751121}
  - component: {fileID: 1772141471131654097}
  - component: {fileID: 6671496332817313009}
  - component: {fileID: 6795135331397913316}
  m_Layer: 0
  m_Name: leg_foot_8x8_skin_cell.004
  m_TagString: Untagged
  m_Icon: {fileID: 0}
  m_NavMeshLayer: 0
  m_StaticEditorFlags: 0
  m_IsActive: 1
--- !u!4 &1772141471134078257
Transform:
  m_ObjectHideFlags: 0
  m_CorrespondingSourceObject: {fileID: 0}
  m_PrefabInstance: {fileID: 0}
  m_PrefabAsset: {fileID: 0}
  m_GameObject: {fileID: 1772141471133649169}
  m_LocalRotation: {x: -0.7071068, y: 0, z: -0, w: 0.7071067}
  m_LocalPosition: {x: -0.007652356, y: 0.004038344, z: 0.012667105}
  m_LocalScale: {x: 1, y: 1, z: 1}
  m_Children: []
  m_Father: {fileID: 1772141471134078241}
  m_RootOrder: 4
  m_LocalEulerAnglesHint: {x: 0, y: 0, z: 0}
--- !u!33 &1772141471132751121
MeshFilter:
  m_ObjectHideFlags: 0
  m_CorrespondingSourceObject: {fileID: 0}
  m_PrefabInstance: {fileID: 0}
  m_PrefabAsset: {fileID: 0}
  m_GameObject: {fileID: 1772141471133649169}
  m_Mesh: {fileID: 4300014, guid: 2dfcdff04f7d31d4cbb25ea5d856dd4b, type: 3}
--- !u!23 &1772141471131654097
MeshRenderer:
  m_ObjectHideFlags: 0
  m_CorrespondingSourceObject: {fileID: 0}
  m_PrefabInstance: {fileID: 0}
  m_PrefabAsset: {fileID: 0}
  m_GameObject: {fileID: 1772141471133649169}
  m_Enabled: 1
  m_CastShadows: 1
  m_ReceiveShadows: 1
  m_DynamicOccludee: 1
  m_MotionVectors: 1
  m_LightProbeUsage: 1
  m_ReflectionProbeUsage: 1
  m_RenderingLayerMask: 1
  m_RendererPriority: 0
  m_Materials:
  - {fileID: 2100002, guid: 2dfcdff04f7d31d4cbb25ea5d856dd4b, type: 3}
  - {fileID: 2100000, guid: 2dfcdff04f7d31d4cbb25ea5d856dd4b, type: 3}
  m_StaticBatchInfo:
    firstSubMesh: 0
    subMeshCount: 0
  m_StaticBatchRoot: {fileID: 0}
  m_ProbeAnchor: {fileID: 0}
  m_LightProbeVolumeOverride: {fileID: 0}
  m_ScaleInLightmap: 1
  m_PreserveUVs: 0
  m_IgnoreNormalsForChartDetection: 0
  m_ImportantGI: 0
  m_StitchLightmapSeams: 0
  m_SelectedEditorRenderState: 3
  m_MinimumChartSize: 4
  m_AutoUVMaxDistance: 0.5
  m_AutoUVMaxAngle: 89
  m_LightmapParameters: {fileID: 0}
  m_SortingLayerID: 0
  m_SortingLayer: 0
  m_SortingOrder: 0
--- !u!64 &6671496332817313009
MeshCollider:
  m_ObjectHideFlags: 0
  m_CorrespondingSourceObject: {fileID: 0}
  m_PrefabInstance: {fileID: 0}
  m_PrefabAsset: {fileID: 0}
  m_GameObject: {fileID: 1772141471133649169}
  m_Material: {fileID: 0}
  m_IsTrigger: 0
  m_Enabled: 1
  serializedVersion: 3
  m_Convex: 1
  m_CookingOptions: 14
  m_Mesh: {fileID: 4300014, guid: 2dfcdff04f7d31d4cbb25ea5d856dd4b, type: 3}
--- !u!114 &6795135331397913316
MonoBehaviour:
  m_ObjectHideFlags: 0
  m_CorrespondingSourceObject: {fileID: 0}
  m_PrefabInstance: {fileID: 0}
  m_PrefabAsset: {fileID: 0}
  m_GameObject: {fileID: 1772141471133649169}
  m_Enabled: 1
  m_EditorHideFlags: 0
  m_Script: {fileID: 11500000, guid: b1bbb502083c41048a8fedc6a9693be7, type: 3}
  m_Name: 
  m_EditorClassIdentifier: 
  totalHitPoints: 50
  currentHitPoints: 50
  damageLevels: []
  destroyedPrefab: {fileID: 0}
  destroyedPrefabParent: {fileID: 0}
  fallbackParticle: {fileID: 0}
  fallbackParticleMaterial: {fileID: 0}
  damageEffects: []
  velocityReduction: 0.5
  ignoreCollisionsUnder: 2
  unparentOnDestroy: []
  disableKinematicOnUparentedChildren: 1
  replaceMaterials: []
  canBeDestroyed: 1
  canBeRepaired: 0
  canBeObliterated: 1
  debrisToReParentByName: []
  debrisToReParentIsKinematic: 0
  childrenToReParentByName: []
  destructibleGroupId: 0
  isDebrisChipAway: 0
  chipAwayDebrisMass: 1
  chipAwayDebrisDrag: 0
  chipAwayDebrisAngularDrag: 0.05
  autoPoolDestroyedPrefab: 1
  useFallbackParticle: 1
  centerPointOverride: {x: 0, y: 0, z: 0}
  sinkWhenDestroyed: 0
  shouldDeactivate: 0
  isTerrainTree: 0
--- !u!1 &1772141471133649171
GameObject:
  m_ObjectHideFlags: 0
  m_CorrespondingSourceObject: {fileID: 0}
  m_PrefabInstance: {fileID: 0}
  m_PrefabAsset: {fileID: 0}
  serializedVersion: 6
  m_Component:
  - component: {fileID: 1772141471134078259}
  - component: {fileID: 1772141471132751123}
  - component: {fileID: 1772141471131654099}
  - component: {fileID: 2593867554450588393}
  - component: {fileID: 5747491547216785981}
  m_Layer: 0
  m_Name: leg_foot_8x8_skin_cell.005
  m_TagString: Untagged
  m_Icon: {fileID: 0}
  m_NavMeshLayer: 0
  m_StaticEditorFlags: 0
  m_IsActive: 1
--- !u!4 &1772141471134078259
Transform:
  m_ObjectHideFlags: 0
  m_CorrespondingSourceObject: {fileID: 0}
  m_PrefabInstance: {fileID: 0}
  m_PrefabAsset: {fileID: 0}
  m_GameObject: {fileID: 1772141471133649171}
  m_LocalRotation: {x: -0.7071068, y: 0, z: -0, w: 0.7071067}
  m_LocalPosition: {x: 0.020903204, y: 0.0124275265, z: -0.025515331}
  m_LocalScale: {x: 1, y: 1, z: 1}
  m_Children: []
  m_Father: {fileID: 1772141471134078241}
  m_RootOrder: 5
  m_LocalEulerAnglesHint: {x: 0, y: 0, z: 0}
--- !u!33 &1772141471132751123
MeshFilter:
  m_ObjectHideFlags: 0
  m_CorrespondingSourceObject: {fileID: 0}
  m_PrefabInstance: {fileID: 0}
  m_PrefabAsset: {fileID: 0}
  m_GameObject: {fileID: 1772141471133649171}
  m_Mesh: {fileID: 4300012, guid: 2dfcdff04f7d31d4cbb25ea5d856dd4b, type: 3}
--- !u!23 &1772141471131654099
MeshRenderer:
  m_ObjectHideFlags: 0
  m_CorrespondingSourceObject: {fileID: 0}
  m_PrefabInstance: {fileID: 0}
  m_PrefabAsset: {fileID: 0}
  m_GameObject: {fileID: 1772141471133649171}
  m_Enabled: 1
  m_CastShadows: 1
  m_ReceiveShadows: 1
  m_DynamicOccludee: 1
  m_MotionVectors: 1
  m_LightProbeUsage: 1
  m_ReflectionProbeUsage: 1
  m_RenderingLayerMask: 1
  m_RendererPriority: 0
  m_Materials:
  - {fileID: 2100002, guid: 2dfcdff04f7d31d4cbb25ea5d856dd4b, type: 3}
  - {fileID: 2100000, guid: 2dfcdff04f7d31d4cbb25ea5d856dd4b, type: 3}
  m_StaticBatchInfo:
    firstSubMesh: 0
    subMeshCount: 0
  m_StaticBatchRoot: {fileID: 0}
  m_ProbeAnchor: {fileID: 0}
  m_LightProbeVolumeOverride: {fileID: 0}
  m_ScaleInLightmap: 1
  m_PreserveUVs: 0
  m_IgnoreNormalsForChartDetection: 0
  m_ImportantGI: 0
  m_StitchLightmapSeams: 0
  m_SelectedEditorRenderState: 3
  m_MinimumChartSize: 4
  m_AutoUVMaxDistance: 0.5
  m_AutoUVMaxAngle: 89
  m_LightmapParameters: {fileID: 0}
  m_SortingLayerID: 0
  m_SortingLayer: 0
  m_SortingOrder: 0
--- !u!64 &2593867554450588393
MeshCollider:
  m_ObjectHideFlags: 0
  m_CorrespondingSourceObject: {fileID: 0}
  m_PrefabInstance: {fileID: 0}
  m_PrefabAsset: {fileID: 0}
  m_GameObject: {fileID: 1772141471133649171}
  m_Material: {fileID: 0}
  m_IsTrigger: 0
  m_Enabled: 1
  serializedVersion: 3
  m_Convex: 1
  m_CookingOptions: 14
  m_Mesh: {fileID: 4300012, guid: 2dfcdff04f7d31d4cbb25ea5d856dd4b, type: 3}
--- !u!114 &5747491547216785981
MonoBehaviour:
  m_ObjectHideFlags: 0
  m_CorrespondingSourceObject: {fileID: 0}
  m_PrefabInstance: {fileID: 0}
  m_PrefabAsset: {fileID: 0}
  m_GameObject: {fileID: 1772141471133649171}
  m_Enabled: 1
  m_EditorHideFlags: 0
  m_Script: {fileID: 11500000, guid: b1bbb502083c41048a8fedc6a9693be7, type: 3}
  m_Name: 
  m_EditorClassIdentifier: 
  totalHitPoints: 50
  currentHitPoints: 50
  damageLevels: []
  destroyedPrefab: {fileID: 0}
  destroyedPrefabParent: {fileID: 0}
  fallbackParticle: {fileID: 0}
  fallbackParticleMaterial: {fileID: 0}
  damageEffects: []
  velocityReduction: 0.5
  ignoreCollisionsUnder: 2
  unparentOnDestroy: []
  disableKinematicOnUparentedChildren: 1
  replaceMaterials: []
  canBeDestroyed: 1
  canBeRepaired: 0
  canBeObliterated: 1
  debrisToReParentByName: []
  debrisToReParentIsKinematic: 0
  childrenToReParentByName: []
  destructibleGroupId: 0
  isDebrisChipAway: 0
  chipAwayDebrisMass: 1
  chipAwayDebrisDrag: 0
  chipAwayDebrisAngularDrag: 0.05
  autoPoolDestroyedPrefab: 1
  useFallbackParticle: 1
  centerPointOverride: {x: 0, y: 0, z: 0}
  sinkWhenDestroyed: 0
  shouldDeactivate: 0
  isTerrainTree: 0
--- !u!1 &1772141471133649173
GameObject:
  m_ObjectHideFlags: 0
  m_CorrespondingSourceObject: {fileID: 0}
  m_PrefabInstance: {fileID: 0}
  m_PrefabAsset: {fileID: 0}
  serializedVersion: 6
  m_Component:
  - component: {fileID: 1772141471134078261}
  - component: {fileID: 1772141471132751125}
  - component: {fileID: 1772141471131654101}
  - component: {fileID: 3621713463440595369}
  - component: {fileID: 7119103110164000472}
  m_Layer: 0
  m_Name: leg_foot_8x8_skin_cell.006
  m_TagString: Untagged
  m_Icon: {fileID: 0}
  m_NavMeshLayer: 0
  m_StaticEditorFlags: 0
  m_IsActive: 1
--- !u!4 &1772141471134078261
Transform:
  m_ObjectHideFlags: 0
  m_CorrespondingSourceObject: {fileID: 0}
  m_PrefabInstance: {fileID: 0}
  m_PrefabAsset: {fileID: 0}
  m_GameObject: {fileID: 1772141471133649173}
  m_LocalRotation: {x: -0.7071068, y: 0, z: -0, w: 0.7071067}
  m_LocalPosition: {x: -0.0014452159, y: 0.016108153, z: 0.02627058}
  m_LocalScale: {x: 1, y: 1, z: 1}
  m_Children: []
  m_Father: {fileID: 1772141471134078241}
  m_RootOrder: 6
  m_LocalEulerAnglesHint: {x: 0, y: 0, z: 0}
--- !u!33 &1772141471132751125
MeshFilter:
  m_ObjectHideFlags: 0
  m_CorrespondingSourceObject: {fileID: 0}
  m_PrefabInstance: {fileID: 0}
  m_PrefabAsset: {fileID: 0}
  m_GameObject: {fileID: 1772141471133649173}
  m_Mesh: {fileID: 4300010, guid: 2dfcdff04f7d31d4cbb25ea5d856dd4b, type: 3}
--- !u!23 &1772141471131654101
MeshRenderer:
  m_ObjectHideFlags: 0
  m_CorrespondingSourceObject: {fileID: 0}
  m_PrefabInstance: {fileID: 0}
  m_PrefabAsset: {fileID: 0}
  m_GameObject: {fileID: 1772141471133649173}
  m_Enabled: 1
  m_CastShadows: 1
  m_ReceiveShadows: 1
  m_DynamicOccludee: 1
  m_MotionVectors: 1
  m_LightProbeUsage: 1
  m_ReflectionProbeUsage: 1
  m_RenderingLayerMask: 1
  m_RendererPriority: 0
  m_Materials:
  - {fileID: 2100000, guid: 2dfcdff04f7d31d4cbb25ea5d856dd4b, type: 3}
  m_StaticBatchInfo:
    firstSubMesh: 0
    subMeshCount: 0
  m_StaticBatchRoot: {fileID: 0}
  m_ProbeAnchor: {fileID: 0}
  m_LightProbeVolumeOverride: {fileID: 0}
  m_ScaleInLightmap: 1
  m_PreserveUVs: 0
  m_IgnoreNormalsForChartDetection: 0
  m_ImportantGI: 0
  m_StitchLightmapSeams: 0
  m_SelectedEditorRenderState: 3
  m_MinimumChartSize: 4
  m_AutoUVMaxDistance: 0.5
  m_AutoUVMaxAngle: 89
  m_LightmapParameters: {fileID: 0}
  m_SortingLayerID: 0
  m_SortingLayer: 0
  m_SortingOrder: 0
--- !u!64 &3621713463440595369
MeshCollider:
  m_ObjectHideFlags: 0
  m_CorrespondingSourceObject: {fileID: 0}
  m_PrefabInstance: {fileID: 0}
  m_PrefabAsset: {fileID: 0}
  m_GameObject: {fileID: 1772141471133649173}
  m_Material: {fileID: 0}
  m_IsTrigger: 0
  m_Enabled: 1
  serializedVersion: 3
  m_Convex: 1
  m_CookingOptions: 14
  m_Mesh: {fileID: 4300010, guid: 2dfcdff04f7d31d4cbb25ea5d856dd4b, type: 3}
--- !u!114 &7119103110164000472
MonoBehaviour:
  m_ObjectHideFlags: 0
  m_CorrespondingSourceObject: {fileID: 0}
  m_PrefabInstance: {fileID: 0}
  m_PrefabAsset: {fileID: 0}
  m_GameObject: {fileID: 1772141471133649173}
  m_Enabled: 1
  m_EditorHideFlags: 0
  m_Script: {fileID: 11500000, guid: b1bbb502083c41048a8fedc6a9693be7, type: 3}
  m_Name: 
  m_EditorClassIdentifier: 
  totalHitPoints: 50
  currentHitPoints: 50
  damageLevels: []
  destroyedPrefab: {fileID: 0}
  destroyedPrefabParent: {fileID: 0}
  fallbackParticle: {fileID: 0}
  fallbackParticleMaterial: {fileID: 0}
  damageEffects: []
  velocityReduction: 0.5
  ignoreCollisionsUnder: 2
  unparentOnDestroy: []
  disableKinematicOnUparentedChildren: 1
  replaceMaterials: []
  canBeDestroyed: 1
  canBeRepaired: 0
  canBeObliterated: 1
  debrisToReParentByName: []
  debrisToReParentIsKinematic: 0
  childrenToReParentByName: []
  destructibleGroupId: 0
  isDebrisChipAway: 0
  chipAwayDebrisMass: 1
  chipAwayDebrisDrag: 0
  chipAwayDebrisAngularDrag: 0.05
  autoPoolDestroyedPrefab: 1
  useFallbackParticle: 1
  centerPointOverride: {x: 0, y: 0, z: 0}
  sinkWhenDestroyed: 0
  shouldDeactivate: 0
  isTerrainTree: 0
--- !u!1 &1772141471133649175
GameObject:
  m_ObjectHideFlags: 0
  m_CorrespondingSourceObject: {fileID: 0}
  m_PrefabInstance: {fileID: 0}
  m_PrefabAsset: {fileID: 0}
  serializedVersion: 6
  m_Component:
  - component: {fileID: 1772141471134078263}
  - component: {fileID: 1772141471132751127}
  - component: {fileID: 1772141471131654103}
  - component: {fileID: 837878531450262146}
  - component: {fileID: 3902852878184877985}
  m_Layer: 0
  m_Name: leg_foot_8x8_skin_cell.007
  m_TagString: Untagged
  m_Icon: {fileID: 0}
  m_NavMeshLayer: 0
  m_StaticEditorFlags: 0
  m_IsActive: 1
--- !u!4 &1772141471134078263
Transform:
  m_ObjectHideFlags: 0
  m_CorrespondingSourceObject: {fileID: 0}
  m_PrefabInstance: {fileID: 0}
  m_PrefabAsset: {fileID: 0}
  m_GameObject: {fileID: 1772141471133649175}
  m_LocalRotation: {x: -0.7071068, y: 0, z: -0, w: 0.7071067}
  m_LocalPosition: {x: 0.014889296, y: 0.021229748, z: -0.012635235}
  m_LocalScale: {x: 1, y: 1, z: 1}
  m_Children: []
  m_Father: {fileID: 1772141471134078241}
  m_RootOrder: 7
  m_LocalEulerAnglesHint: {x: 0, y: 0, z: 0}
--- !u!33 &1772141471132751127
MeshFilter:
  m_ObjectHideFlags: 0
  m_CorrespondingSourceObject: {fileID: 0}
  m_PrefabInstance: {fileID: 0}
  m_PrefabAsset: {fileID: 0}
  m_GameObject: {fileID: 1772141471133649175}
  m_Mesh: {fileID: 4300008, guid: 2dfcdff04f7d31d4cbb25ea5d856dd4b, type: 3}
--- !u!23 &1772141471131654103
MeshRenderer:
  m_ObjectHideFlags: 0
  m_CorrespondingSourceObject: {fileID: 0}
  m_PrefabInstance: {fileID: 0}
  m_PrefabAsset: {fileID: 0}
  m_GameObject: {fileID: 1772141471133649175}
  m_Enabled: 1
  m_CastShadows: 1
  m_ReceiveShadows: 1
  m_DynamicOccludee: 1
  m_MotionVectors: 1
  m_LightProbeUsage: 1
  m_ReflectionProbeUsage: 1
  m_RenderingLayerMask: 1
  m_RendererPriority: 0
  m_Materials:
  - {fileID: 2100000, guid: 2dfcdff04f7d31d4cbb25ea5d856dd4b, type: 3}
  - {fileID: 2100002, guid: 2dfcdff04f7d31d4cbb25ea5d856dd4b, type: 3}
  m_StaticBatchInfo:
    firstSubMesh: 0
    subMeshCount: 0
  m_StaticBatchRoot: {fileID: 0}
  m_ProbeAnchor: {fileID: 0}
  m_LightProbeVolumeOverride: {fileID: 0}
  m_ScaleInLightmap: 1
  m_PreserveUVs: 0
  m_IgnoreNormalsForChartDetection: 0
  m_ImportantGI: 0
  m_StitchLightmapSeams: 0
  m_SelectedEditorRenderState: 3
  m_MinimumChartSize: 4
  m_AutoUVMaxDistance: 0.5
  m_AutoUVMaxAngle: 89
  m_LightmapParameters: {fileID: 0}
  m_SortingLayerID: 0
  m_SortingLayer: 0
  m_SortingOrder: 0
--- !u!64 &837878531450262146
MeshCollider:
  m_ObjectHideFlags: 0
  m_CorrespondingSourceObject: {fileID: 0}
  m_PrefabInstance: {fileID: 0}
  m_PrefabAsset: {fileID: 0}
  m_GameObject: {fileID: 1772141471133649175}
  m_Material: {fileID: 0}
  m_IsTrigger: 0
  m_Enabled: 1
  serializedVersion: 3
  m_Convex: 1
  m_CookingOptions: 14
  m_Mesh: {fileID: 4300008, guid: 2dfcdff04f7d31d4cbb25ea5d856dd4b, type: 3}
--- !u!114 &3902852878184877985
MonoBehaviour:
  m_ObjectHideFlags: 0
  m_CorrespondingSourceObject: {fileID: 0}
  m_PrefabInstance: {fileID: 0}
  m_PrefabAsset: {fileID: 0}
  m_GameObject: {fileID: 1772141471133649175}
  m_Enabled: 1
  m_EditorHideFlags: 0
  m_Script: {fileID: 11500000, guid: b1bbb502083c41048a8fedc6a9693be7, type: 3}
  m_Name: 
  m_EditorClassIdentifier: 
  totalHitPoints: 50
  currentHitPoints: 50
  damageLevels: []
  destroyedPrefab: {fileID: 0}
  destroyedPrefabParent: {fileID: 0}
  fallbackParticle: {fileID: 0}
  fallbackParticleMaterial: {fileID: 0}
  damageEffects: []
  velocityReduction: 0.5
  ignoreCollisionsUnder: 2
  unparentOnDestroy: []
  disableKinematicOnUparentedChildren: 1
  replaceMaterials: []
  canBeDestroyed: 1
  canBeRepaired: 0
  canBeObliterated: 1
  debrisToReParentByName: []
  debrisToReParentIsKinematic: 0
  childrenToReParentByName: []
  destructibleGroupId: 0
  isDebrisChipAway: 0
  chipAwayDebrisMass: 1
  chipAwayDebrisDrag: 0
  chipAwayDebrisAngularDrag: 0.05
  autoPoolDestroyedPrefab: 1
  useFallbackParticle: 1
  centerPointOverride: {x: 0, y: 0, z: 0}
  sinkWhenDestroyed: 0
  shouldDeactivate: 0
  isTerrainTree: 0
--- !u!1 &1772141471133649177
GameObject:
  m_ObjectHideFlags: 0
  m_CorrespondingSourceObject: {fileID: 0}
  m_PrefabInstance: {fileID: 0}
  m_PrefabAsset: {fileID: 0}
  serializedVersion: 6
  m_Component:
  - component: {fileID: 1772141471134078265}
  - component: {fileID: 1772141471132751129}
  - component: {fileID: 1772141471131654105}
  - component: {fileID: 8952837087254095903}
  - component: {fileID: 2039638324846961752}
  m_Layer: 0
  m_Name: leg_foot_8x8_skin_cell.000
  m_TagString: Untagged
  m_Icon: {fileID: 0}
  m_NavMeshLayer: 0
  m_StaticEditorFlags: 0
  m_IsActive: 1
--- !u!4 &1772141471134078265
Transform:
  m_ObjectHideFlags: 0
  m_CorrespondingSourceObject: {fileID: 0}
  m_PrefabInstance: {fileID: 0}
  m_PrefabAsset: {fileID: 0}
  m_GameObject: {fileID: 1772141471133649177}
  m_LocalRotation: {x: -0.7071068, y: 0, z: -0, w: 0.7071067}
  m_LocalPosition: {x: 0.004863794, y: 0.0059758914, z: -0.015034898}
  m_LocalScale: {x: 1, y: 1, z: 1}
  m_Children: []
  m_Father: {fileID: 1772141471134078241}
  m_RootOrder: 0
  m_LocalEulerAnglesHint: {x: 0, y: 0, z: 0}
--- !u!33 &1772141471132751129
MeshFilter:
  m_ObjectHideFlags: 0
  m_CorrespondingSourceObject: {fileID: 0}
  m_PrefabInstance: {fileID: 0}
  m_PrefabAsset: {fileID: 0}
  m_GameObject: {fileID: 1772141471133649177}
  m_Mesh: {fileID: 4300022, guid: 2dfcdff04f7d31d4cbb25ea5d856dd4b, type: 3}
--- !u!23 &1772141471131654105
MeshRenderer:
  m_ObjectHideFlags: 0
  m_CorrespondingSourceObject: {fileID: 0}
  m_PrefabInstance: {fileID: 0}
  m_PrefabAsset: {fileID: 0}
  m_GameObject: {fileID: 1772141471133649177}
  m_Enabled: 1
  m_CastShadows: 1
  m_ReceiveShadows: 1
  m_DynamicOccludee: 1
  m_MotionVectors: 1
  m_LightProbeUsage: 1
  m_ReflectionProbeUsage: 1
  m_RenderingLayerMask: 1
  m_RendererPriority: 0
  m_Materials:
  - {fileID: 2100002, guid: 2dfcdff04f7d31d4cbb25ea5d856dd4b, type: 3}
  - {fileID: 2100000, guid: 2dfcdff04f7d31d4cbb25ea5d856dd4b, type: 3}
  m_StaticBatchInfo:
    firstSubMesh: 0
    subMeshCount: 0
  m_StaticBatchRoot: {fileID: 0}
  m_ProbeAnchor: {fileID: 0}
  m_LightProbeVolumeOverride: {fileID: 0}
  m_ScaleInLightmap: 1
  m_PreserveUVs: 0
  m_IgnoreNormalsForChartDetection: 0
  m_ImportantGI: 0
  m_StitchLightmapSeams: 0
  m_SelectedEditorRenderState: 3
  m_MinimumChartSize: 4
  m_AutoUVMaxDistance: 0.5
  m_AutoUVMaxAngle: 89
  m_LightmapParameters: {fileID: 0}
  m_SortingLayerID: 0
  m_SortingLayer: 0
  m_SortingOrder: 0
--- !u!64 &8952837087254095903
MeshCollider:
  m_ObjectHideFlags: 0
  m_CorrespondingSourceObject: {fileID: 0}
  m_PrefabInstance: {fileID: 0}
  m_PrefabAsset: {fileID: 0}
  m_GameObject: {fileID: 1772141471133649177}
  m_Material: {fileID: 0}
  m_IsTrigger: 0
  m_Enabled: 1
  serializedVersion: 3
  m_Convex: 1
  m_CookingOptions: 14
  m_Mesh: {fileID: 4300022, guid: 2dfcdff04f7d31d4cbb25ea5d856dd4b, type: 3}
--- !u!114 &2039638324846961752
MonoBehaviour:
  m_ObjectHideFlags: 0
  m_CorrespondingSourceObject: {fileID: 0}
  m_PrefabInstance: {fileID: 0}
  m_PrefabAsset: {fileID: 0}
  m_GameObject: {fileID: 1772141471133649177}
  m_Enabled: 1
  m_EditorHideFlags: 0
  m_Script: {fileID: 11500000, guid: b1bbb502083c41048a8fedc6a9693be7, type: 3}
  m_Name: 
  m_EditorClassIdentifier: 
  totalHitPoints: 50
  currentHitPoints: 50
  damageLevels: []
  destroyedPrefab: {fileID: 0}
  destroyedPrefabParent: {fileID: 0}
  fallbackParticle: {fileID: 0}
  fallbackParticleMaterial: {fileID: 0}
  damageEffects: []
  velocityReduction: 0.5
  ignoreCollisionsUnder: 2
  unparentOnDestroy: []
  disableKinematicOnUparentedChildren: 1
  replaceMaterials: []
  canBeDestroyed: 1
  canBeRepaired: 0
  canBeObliterated: 1
  debrisToReParentByName: []
  debrisToReParentIsKinematic: 0
  childrenToReParentByName: []
  destructibleGroupId: 0
  isDebrisChipAway: 0
  chipAwayDebrisMass: 1
  chipAwayDebrisDrag: 0
  chipAwayDebrisAngularDrag: 0.05
  autoPoolDestroyedPrefab: 1
  useFallbackParticle: 1
  centerPointOverride: {x: 0, y: 0, z: 0}
  sinkWhenDestroyed: 0
  shouldDeactivate: 0
  isTerrainTree: 0
--- !u!1 &1772141471133649179
GameObject:
  m_ObjectHideFlags: 0
  m_CorrespondingSourceObject: {fileID: 0}
  m_PrefabInstance: {fileID: 0}
  m_PrefabAsset: {fileID: 0}
  serializedVersion: 6
  m_Component:
  - component: {fileID: 1772141471134078267}
  - component: {fileID: 1772141471132751131}
  - component: {fileID: 1772141471131654107}
  - component: {fileID: 3675640078780190810}
  - component: {fileID: 7785192115135896302}
  m_Layer: 0
  m_Name: leg_foot_8x8_skin_cell.001
  m_TagString: Untagged
  m_Icon: {fileID: 0}
  m_NavMeshLayer: 0
  m_StaticEditorFlags: 0
  m_IsActive: 1
--- !u!4 &1772141471134078267
Transform:
  m_ObjectHideFlags: 0
  m_CorrespondingSourceObject: {fileID: 0}
  m_PrefabInstance: {fileID: 0}
  m_PrefabAsset: {fileID: 0}
  m_GameObject: {fileID: 1772141471133649179}
  m_LocalRotation: {x: -0.7071068, y: 0, z: -0, w: 0.7071067}
  m_LocalPosition: {x: 0.017867042, y: 0.02256321, z: 0.018274166}
  m_LocalScale: {x: 1, y: 1, z: 1}
  m_Children: []
  m_Father: {fileID: 1772141471134078241}
  m_RootOrder: 1
  m_LocalEulerAnglesHint: {x: 0, y: 0, z: 0}
--- !u!33 &1772141471132751131
MeshFilter:
  m_ObjectHideFlags: 0
  m_CorrespondingSourceObject: {fileID: 0}
  m_PrefabInstance: {fileID: 0}
  m_PrefabAsset: {fileID: 0}
  m_GameObject: {fileID: 1772141471133649179}
  m_Mesh: {fileID: 4300020, guid: 2dfcdff04f7d31d4cbb25ea5d856dd4b, type: 3}
--- !u!23 &1772141471131654107
MeshRenderer:
  m_ObjectHideFlags: 0
  m_CorrespondingSourceObject: {fileID: 0}
  m_PrefabInstance: {fileID: 0}
  m_PrefabAsset: {fileID: 0}
  m_GameObject: {fileID: 1772141471133649179}
  m_Enabled: 1
  m_CastShadows: 1
  m_ReceiveShadows: 1
  m_DynamicOccludee: 1
  m_MotionVectors: 1
  m_LightProbeUsage: 1
  m_ReflectionProbeUsage: 1
  m_RenderingLayerMask: 1
  m_RendererPriority: 0
  m_Materials:
  - {fileID: 2100000, guid: 2dfcdff04f7d31d4cbb25ea5d856dd4b, type: 3}
  - {fileID: 2100002, guid: 2dfcdff04f7d31d4cbb25ea5d856dd4b, type: 3}
  m_StaticBatchInfo:
    firstSubMesh: 0
    subMeshCount: 0
  m_StaticBatchRoot: {fileID: 0}
  m_ProbeAnchor: {fileID: 0}
  m_LightProbeVolumeOverride: {fileID: 0}
  m_ScaleInLightmap: 1
  m_PreserveUVs: 0
  m_IgnoreNormalsForChartDetection: 0
  m_ImportantGI: 0
  m_StitchLightmapSeams: 0
  m_SelectedEditorRenderState: 3
  m_MinimumChartSize: 4
  m_AutoUVMaxDistance: 0.5
  m_AutoUVMaxAngle: 89
  m_LightmapParameters: {fileID: 0}
  m_SortingLayerID: 0
  m_SortingLayer: 0
  m_SortingOrder: 0
--- !u!64 &3675640078780190810
MeshCollider:
  m_ObjectHideFlags: 0
  m_CorrespondingSourceObject: {fileID: 0}
  m_PrefabInstance: {fileID: 0}
  m_PrefabAsset: {fileID: 0}
  m_GameObject: {fileID: 1772141471133649179}
  m_Material: {fileID: 0}
  m_IsTrigger: 0
  m_Enabled: 1
  serializedVersion: 3
  m_Convex: 1
  m_CookingOptions: 14
  m_Mesh: {fileID: 4300020, guid: 2dfcdff04f7d31d4cbb25ea5d856dd4b, type: 3}
--- !u!114 &7785192115135896302
MonoBehaviour:
  m_ObjectHideFlags: 0
  m_CorrespondingSourceObject: {fileID: 0}
  m_PrefabInstance: {fileID: 0}
  m_PrefabAsset: {fileID: 0}
  m_GameObject: {fileID: 1772141471133649179}
  m_Enabled: 1
  m_EditorHideFlags: 0
  m_Script: {fileID: 11500000, guid: b1bbb502083c41048a8fedc6a9693be7, type: 3}
  m_Name: 
  m_EditorClassIdentifier: 
  totalHitPoints: 50
  currentHitPoints: 50
  damageLevels: []
  destroyedPrefab: {fileID: 0}
  destroyedPrefabParent: {fileID: 0}
  fallbackParticle: {fileID: 0}
  fallbackParticleMaterial: {fileID: 0}
  damageEffects: []
  velocityReduction: 0.5
  ignoreCollisionsUnder: 2
  unparentOnDestroy: []
  disableKinematicOnUparentedChildren: 1
  replaceMaterials: []
  canBeDestroyed: 1
  canBeRepaired: 0
  canBeObliterated: 1
  debrisToReParentByName: []
  debrisToReParentIsKinematic: 0
  childrenToReParentByName: []
  destructibleGroupId: 0
  isDebrisChipAway: 0
  chipAwayDebrisMass: 1
  chipAwayDebrisDrag: 0
  chipAwayDebrisAngularDrag: 0.05
  autoPoolDestroyedPrefab: 1
  useFallbackParticle: 1
  centerPointOverride: {x: 0, y: 0, z: 0}
  sinkWhenDestroyed: 0
  shouldDeactivate: 0
  isTerrainTree: 0
--- !u!1 &1772141471133649181
GameObject:
  m_ObjectHideFlags: 0
  m_CorrespondingSourceObject: {fileID: 0}
  m_PrefabInstance: {fileID: 0}
  m_PrefabAsset: {fileID: 0}
  serializedVersion: 6
  m_Component:
  - component: {fileID: 1772141471134078269}
  - component: {fileID: 1772141471132751133}
  - component: {fileID: 1772141471131654109}
  - component: {fileID: 7726761297194769630}
  - component: {fileID: 5546509713087570065}
  m_Layer: 0
  m_Name: leg_foot_8x8_skin_cell.002
  m_TagString: Untagged
  m_Icon: {fileID: 0}
  m_NavMeshLayer: 0
  m_StaticEditorFlags: 0
  m_IsActive: 1
--- !u!4 &1772141471134078269
Transform:
  m_ObjectHideFlags: 0
  m_CorrespondingSourceObject: {fileID: 0}
  m_PrefabInstance: {fileID: 0}
  m_PrefabAsset: {fileID: 0}
  m_GameObject: {fileID: 1772141471133649181}
  m_LocalRotation: {x: -0.7071068, y: 0, z: -0, w: 0.7071067}
  m_LocalPosition: {x: -0.015239635, y: 0.013358789, z: -0.014849725}
  m_LocalScale: {x: 1, y: 1, z: 1}
  m_Children: []
  m_Father: {fileID: 1772141471134078241}
  m_RootOrder: 2
  m_LocalEulerAnglesHint: {x: 0, y: 0, z: 0}
--- !u!33 &1772141471132751133
MeshFilter:
  m_ObjectHideFlags: 0
  m_CorrespondingSourceObject: {fileID: 0}
  m_PrefabInstance: {fileID: 0}
  m_PrefabAsset: {fileID: 0}
  m_GameObject: {fileID: 1772141471133649181}
  m_Mesh: {fileID: 4300018, guid: 2dfcdff04f7d31d4cbb25ea5d856dd4b, type: 3}
--- !u!23 &1772141471131654109
MeshRenderer:
  m_ObjectHideFlags: 0
  m_CorrespondingSourceObject: {fileID: 0}
  m_PrefabInstance: {fileID: 0}
  m_PrefabAsset: {fileID: 0}
  m_GameObject: {fileID: 1772141471133649181}
  m_Enabled: 1
  m_CastShadows: 1
  m_ReceiveShadows: 1
  m_DynamicOccludee: 1
  m_MotionVectors: 1
  m_LightProbeUsage: 1
  m_ReflectionProbeUsage: 1
  m_RenderingLayerMask: 1
  m_RendererPriority: 0
  m_Materials:
  - {fileID: 2100000, guid: 2dfcdff04f7d31d4cbb25ea5d856dd4b, type: 3}
  - {fileID: 2100002, guid: 2dfcdff04f7d31d4cbb25ea5d856dd4b, type: 3}
  m_StaticBatchInfo:
    firstSubMesh: 0
    subMeshCount: 0
  m_StaticBatchRoot: {fileID: 0}
  m_ProbeAnchor: {fileID: 0}
  m_LightProbeVolumeOverride: {fileID: 0}
  m_ScaleInLightmap: 1
  m_PreserveUVs: 0
  m_IgnoreNormalsForChartDetection: 0
  m_ImportantGI: 0
  m_StitchLightmapSeams: 0
  m_SelectedEditorRenderState: 3
  m_MinimumChartSize: 4
  m_AutoUVMaxDistance: 0.5
  m_AutoUVMaxAngle: 89
  m_LightmapParameters: {fileID: 0}
  m_SortingLayerID: 0
  m_SortingLayer: 0
  m_SortingOrder: 0
--- !u!64 &7726761297194769630
MeshCollider:
  m_ObjectHideFlags: 0
  m_CorrespondingSourceObject: {fileID: 0}
  m_PrefabInstance: {fileID: 0}
  m_PrefabAsset: {fileID: 0}
  m_GameObject: {fileID: 1772141471133649181}
  m_Material: {fileID: 0}
  m_IsTrigger: 0
  m_Enabled: 1
  serializedVersion: 3
  m_Convex: 1
  m_CookingOptions: 14
  m_Mesh: {fileID: 4300018, guid: 2dfcdff04f7d31d4cbb25ea5d856dd4b, type: 3}
--- !u!114 &5546509713087570065
MonoBehaviour:
  m_ObjectHideFlags: 0
  m_CorrespondingSourceObject: {fileID: 0}
  m_PrefabInstance: {fileID: 0}
  m_PrefabAsset: {fileID: 0}
  m_GameObject: {fileID: 1772141471133649181}
  m_Enabled: 1
  m_EditorHideFlags: 0
  m_Script: {fileID: 11500000, guid: b1bbb502083c41048a8fedc6a9693be7, type: 3}
  m_Name: 
  m_EditorClassIdentifier: 
  totalHitPoints: 50
  currentHitPoints: 50
  damageLevels: []
  destroyedPrefab: {fileID: 0}
  destroyedPrefabParent: {fileID: 0}
  fallbackParticle: {fileID: 0}
  fallbackParticleMaterial: {fileID: 0}
  damageEffects: []
  velocityReduction: 0.5
  ignoreCollisionsUnder: 2
  unparentOnDestroy: []
  disableKinematicOnUparentedChildren: 1
  replaceMaterials: []
  canBeDestroyed: 1
  canBeRepaired: 0
  canBeObliterated: 1
  debrisToReParentByName: []
  debrisToReParentIsKinematic: 0
  childrenToReParentByName: []
  destructibleGroupId: 0
  isDebrisChipAway: 0
  chipAwayDebrisMass: 1
  chipAwayDebrisDrag: 0
  chipAwayDebrisAngularDrag: 0.05
  autoPoolDestroyedPrefab: 1
  useFallbackParticle: 1
  centerPointOverride: {x: 0, y: 0, z: 0}
  sinkWhenDestroyed: 0
  shouldDeactivate: 0
  isTerrainTree: 0
--- !u!1 &1772141471133649183
GameObject:
  m_ObjectHideFlags: 0
  m_CorrespondingSourceObject: {fileID: 0}
  m_PrefabInstance: {fileID: 0}
  m_PrefabAsset: {fileID: 0}
  serializedVersion: 6
  m_Component:
  - component: {fileID: 1772141471134078271}
  - component: {fileID: 1772141471132751135}
  - component: {fileID: 1772141471131654111}
  - component: {fileID: 1142846769232627637}
  - component: {fileID: 4581176522206357872}
  m_Layer: 0
  m_Name: leg_foot_8x8_skin_cell.003
  m_TagString: Untagged
  m_Icon: {fileID: 0}
  m_NavMeshLayer: 0
  m_StaticEditorFlags: 0
  m_IsActive: 1
--- !u!4 &1772141471134078271
Transform:
  m_ObjectHideFlags: 0
  m_CorrespondingSourceObject: {fileID: 0}
  m_PrefabInstance: {fileID: 0}
  m_PrefabAsset: {fileID: 0}
  m_GameObject: {fileID: 1772141471133649183}
  m_LocalRotation: {x: -0.7071068, y: 0, z: -0, w: 0.7071067}
  m_LocalPosition: {x: 0.013280843, y: 0.010044644, z: 0.016212203}
  m_LocalScale: {x: 1, y: 1, z: 1}
  m_Children: []
  m_Father: {fileID: 1772141471134078241}
  m_RootOrder: 3
  m_LocalEulerAnglesHint: {x: 0, y: 0, z: 0}
--- !u!33 &1772141471132751135
MeshFilter:
  m_ObjectHideFlags: 0
  m_CorrespondingSourceObject: {fileID: 0}
  m_PrefabInstance: {fileID: 0}
  m_PrefabAsset: {fileID: 0}
  m_GameObject: {fileID: 1772141471133649183}
  m_Mesh: {fileID: 4300016, guid: 2dfcdff04f7d31d4cbb25ea5d856dd4b, type: 3}
--- !u!23 &1772141471131654111
MeshRenderer:
  m_ObjectHideFlags: 0
  m_CorrespondingSourceObject: {fileID: 0}
  m_PrefabInstance: {fileID: 0}
  m_PrefabAsset: {fileID: 0}
  m_GameObject: {fileID: 1772141471133649183}
  m_Enabled: 1
  m_CastShadows: 1
  m_ReceiveShadows: 1
  m_DynamicOccludee: 1
  m_MotionVectors: 1
  m_LightProbeUsage: 1
  m_ReflectionProbeUsage: 1
  m_RenderingLayerMask: 1
  m_RendererPriority: 0
  m_Materials:
  - {fileID: 2100000, guid: 2dfcdff04f7d31d4cbb25ea5d856dd4b, type: 3}
  - {fileID: 2100002, guid: 2dfcdff04f7d31d4cbb25ea5d856dd4b, type: 3}
  m_StaticBatchInfo:
    firstSubMesh: 0
    subMeshCount: 0
  m_StaticBatchRoot: {fileID: 0}
  m_ProbeAnchor: {fileID: 0}
  m_LightProbeVolumeOverride: {fileID: 0}
  m_ScaleInLightmap: 1
  m_PreserveUVs: 0
  m_IgnoreNormalsForChartDetection: 0
  m_ImportantGI: 0
  m_StitchLightmapSeams: 0
  m_SelectedEditorRenderState: 3
  m_MinimumChartSize: 4
  m_AutoUVMaxDistance: 0.5
  m_AutoUVMaxAngle: 89
  m_LightmapParameters: {fileID: 0}
  m_SortingLayerID: 0
  m_SortingLayer: 0
  m_SortingOrder: 0
--- !u!64 &1142846769232627637
MeshCollider:
  m_ObjectHideFlags: 0
  m_CorrespondingSourceObject: {fileID: 0}
  m_PrefabInstance: {fileID: 0}
  m_PrefabAsset: {fileID: 0}
  m_GameObject: {fileID: 1772141471133649183}
  m_Material: {fileID: 0}
  m_IsTrigger: 0
  m_Enabled: 1
  serializedVersion: 3
  m_Convex: 1
  m_CookingOptions: 14
  m_Mesh: {fileID: 4300016, guid: 2dfcdff04f7d31d4cbb25ea5d856dd4b, type: 3}
--- !u!114 &4581176522206357872
MonoBehaviour:
  m_ObjectHideFlags: 0
  m_CorrespondingSourceObject: {fileID: 0}
  m_PrefabInstance: {fileID: 0}
  m_PrefabAsset: {fileID: 0}
  m_GameObject: {fileID: 1772141471133649183}
  m_Enabled: 1
  m_EditorHideFlags: 0
  m_Script: {fileID: 11500000, guid: b1bbb502083c41048a8fedc6a9693be7, type: 3}
  m_Name: 
  m_EditorClassIdentifier: 
  totalHitPoints: 50
  currentHitPoints: 50
  damageLevels: []
  destroyedPrefab: {fileID: 0}
  destroyedPrefabParent: {fileID: 0}
  fallbackParticle: {fileID: 0}
  fallbackParticleMaterial: {fileID: 0}
  damageEffects: []
  velocityReduction: 0.5
  ignoreCollisionsUnder: 2
  unparentOnDestroy: []
  disableKinematicOnUparentedChildren: 1
  replaceMaterials: []
  canBeDestroyed: 1
  canBeRepaired: 0
  canBeObliterated: 1
  debrisToReParentByName: []
  debrisToReParentIsKinematic: 0
  childrenToReParentByName: []
  destructibleGroupId: 0
  isDebrisChipAway: 0
  chipAwayDebrisMass: 1
  chipAwayDebrisDrag: 0
  chipAwayDebrisAngularDrag: 0.05
  autoPoolDestroyedPrefab: 1
  useFallbackParticle: 1
  centerPointOverride: {x: 0, y: 0, z: 0}
  sinkWhenDestroyed: 0
  shouldDeactivate: 0
  isTerrainTree: 0
