%YAML 1.1
%TAG !u! tag:unity3d.com,2011:
--- !u!1 &327237495119640244
GameObject:
  m_ObjectHideFlags: 0
  m_CorrespondingSourceObject: {fileID: 0}
  m_PrefabInstance: {fileID: 0}
  m_PrefabAsset: {fileID: 0}
  serializedVersion: 6
  m_Component:
  - component: {fileID: 5429755247815422357}
  - component: {fileID: 7756727490136890264}
  - component: {fileID: 3761416974615357061}
  - component: {fileID: 951177466456980}
  - component: {fileID: 7996478137553295275}
  - component: {fileID: 2349280334614954120}
  m_Layer: 0
  m_Name: Cube_cell.013
  m_TagString: Untagged
  m_Icon: {fileID: 0}
  m_NavMeshLayer: 0
  m_StaticEditorFlags: 0
  m_IsActive: 1
--- !u!4 &5429755247815422357
Transform:
  m_ObjectHideFlags: 0
  m_CorrespondingSourceObject: {fileID: 0}
  m_PrefabInstance: {fileID: 0}
  m_PrefabAsset: {fileID: 0}
  m_GameObject: {fileID: 327237495119640244}
  m_LocalRotation: {x: -0.7071068, y: 0, z: -0, w: 0.7071067}
  m_LocalPosition: {x: 0.64097387, y: 5.466976, z: 2.0242932}
  m_LocalScale: {x: 100, y: 100, z: 100}
  m_Children: []
  m_Father: {fileID: 5068555449821707647}
  m_RootOrder: 13
  m_LocalEulerAnglesHint: {x: 0, y: 0, z: 0}
--- !u!33 &7756727490136890264
MeshFilter:
  m_ObjectHideFlags: 0
  m_CorrespondingSourceObject: {fileID: 0}
  m_PrefabInstance: {fileID: 0}
  m_PrefabAsset: {fileID: 0}
  m_GameObject: {fileID: 327237495119640244}
  m_Mesh: {fileID: 4300022, guid: 590cdd0f793139642879a1f8ba677a77, type: 3}
--- !u!23 &3761416974615357061
MeshRenderer:
  m_ObjectHideFlags: 0
  m_CorrespondingSourceObject: {fileID: 0}
  m_PrefabInstance: {fileID: 0}
  m_PrefabAsset: {fileID: 0}
  m_GameObject: {fileID: 327237495119640244}
  m_Enabled: 1
  m_CastShadows: 1
  m_ReceiveShadows: 1
  m_DynamicOccludee: 1
  m_MotionVectors: 1
  m_LightProbeUsage: 1
  m_ReflectionProbeUsage: 1
  m_RenderingLayerMask: 1
  m_RendererPriority: 0
  m_Materials:
  - {fileID: 2100000, guid: 590cdd0f793139642879a1f8ba677a77, type: 3}
  - {fileID: 2100002, guid: 590cdd0f793139642879a1f8ba677a77, type: 3}
  m_StaticBatchInfo:
    firstSubMesh: 0
    subMeshCount: 0
  m_StaticBatchRoot: {fileID: 0}
  m_ProbeAnchor: {fileID: 0}
  m_LightProbeVolumeOverride: {fileID: 0}
  m_ScaleInLightmap: 1
  m_PreserveUVs: 0
  m_IgnoreNormalsForChartDetection: 0
  m_ImportantGI: 0
  m_StitchLightmapSeams: 0
  m_SelectedEditorRenderState: 3
  m_MinimumChartSize: 4
  m_AutoUVMaxDistance: 0.5
  m_AutoUVMaxAngle: 89
  m_LightmapParameters: {fileID: 0}
  m_SortingLayerID: 0
  m_SortingLayer: 0
  m_SortingOrder: 0
--- !u!54 &951177466456980
Rigidbody:
  m_ObjectHideFlags: 0
  m_CorrespondingSourceObject: {fileID: 0}
  m_PrefabInstance: {fileID: 0}
  m_PrefabAsset: {fileID: 0}
  m_GameObject: {fileID: 327237495119640244}
  serializedVersion: 2
  m_Mass: 1
  m_Drag: 0
  m_AngularDrag: 0.05
  m_UseGravity: 1
  m_IsKinematic: 0
  m_Interpolate: 0
  m_Constraints: 0
  m_CollisionDetection: 0
--- !u!64 &7996478137553295275
MeshCollider:
  m_ObjectHideFlags: 0
  m_CorrespondingSourceObject: {fileID: 0}
  m_PrefabInstance: {fileID: 0}
  m_PrefabAsset: {fileID: 0}
  m_GameObject: {fileID: 327237495119640244}
  m_Material: {fileID: 0}
  m_IsTrigger: 0
  m_Enabled: 1
  serializedVersion: 3
  m_Convex: 1
  m_CookingOptions: 14
  m_Mesh: {fileID: 4300022, guid: 590cdd0f793139642879a1f8ba677a77, type: 3}
--- !u!114 &2349280334614954120
MonoBehaviour:
  m_ObjectHideFlags: 0
  m_CorrespondingSourceObject: {fileID: 0}
  m_PrefabInstance: {fileID: 0}
  m_PrefabAsset: {fileID: 0}
  m_GameObject: {fileID: 327237495119640244}
  m_Enabled: 1
  m_EditorHideFlags: 0
  m_Script: {fileID: 11500000, guid: b1bbb502083c41048a8fedc6a9693be7, type: 3}
  m_Name: 
  m_EditorClassIdentifier: 
  totalHitPoints: 10
  currentHitPoints: 10
  damageLevels: []
  destroyedPrefab: {fileID: 0}
  destroyedPrefabParent: {fileID: 0}
  fallbackParticle: {fileID: 0}
  fallbackParticleMaterial: {fileID: 0}
  damageEffects: []
  velocityReduction: 0.5
  ignoreCollisionsUnder: 2
  unparentOnDestroy: []
  disableKinematicOnUparentedChildren: 1
  replaceMaterials: []
  canBeDestroyed: 1
  canBeRepaired: 1
  canBeObliterated: 1
  debrisToReParentByName: []
  debrisToReParentIsKinematic: 0
  childrenToReParentByName: []
  destructibleGroupId: 0
  isDebrisChipAway: 0
  chipAwayDebrisMass: 1
  chipAwayDebrisDrag: 0
  chipAwayDebrisAngularDrag: 0.05
  autoPoolDestroyedPrefab: 1
  useFallbackParticle: 1
  centerPointOverride: {x: 0, y: 0, z: 0}
  sinkWhenDestroyed: 0
--- !u!1 &513087807703117777
GameObject:
  m_ObjectHideFlags: 0
  m_CorrespondingSourceObject: {fileID: 0}
  m_PrefabInstance: {fileID: 0}
  m_PrefabAsset: {fileID: 0}
  serializedVersion: 6
  m_Component:
  - component: {fileID: 5068555449821707647}
  m_Layer: 0
  m_Name: arm_forearm_bd
  m_TagString: Untagged
  m_Icon: {fileID: 0}
  m_NavMeshLayer: 0
  m_StaticEditorFlags: 0
  m_IsActive: 1
--- !u!4 &5068555449821707647
Transform:
  m_ObjectHideFlags: 0
  m_CorrespondingSourceObject: {fileID: 0}
  m_PrefabInstance: {fileID: 0}
  m_PrefabAsset: {fileID: 0}
  m_GameObject: {fileID: 513087807703117777}
  m_LocalRotation: {x: 0, y: 0, z: 0, w: 1}
  m_LocalPosition: {x: 0, y: 0, z: 0}
  m_LocalScale: {x: 1, y: 1, z: 1}
  m_Children:
  - {fileID: 2269199384008655748}
  - {fileID: 3831240174133570968}
  - {fileID: 2466448774100333758}
  - {fileID: 3486649805738665382}
  - {fileID: 1281808198751446094}
  - {fileID: 9129649278538414812}
  - {fileID: 6357243983830562712}
  - {fileID: 6979141824308821055}
  - {fileID: 7948933619997866298}
  - {fileID: 8374920834057851447}
  - {fileID: 6854675300882647552}
  - {fileID: 7463073465676015618}
  - {fileID: 8744297007305091214}
  - {fileID: 5429755247815422357}
  - {fileID: 6117207802182068033}
  - {fileID: 8362590287419133994}
  m_Father: {fileID: 0}
  m_RootOrder: 0
  m_LocalEulerAnglesHint: {x: 0, y: 0, z: 0}
--- !u!1 &880820193782050973
GameObject:
  m_ObjectHideFlags: 0
  m_CorrespondingSourceObject: {fileID: 0}
  m_PrefabInstance: {fileID: 0}
  m_PrefabAsset: {fileID: 0}
  serializedVersion: 6
  m_Component:
  - component: {fileID: 7463073465676015618}
  - component: {fileID: 6977837975875931252}
  - component: {fileID: 5366617442837998676}
  - component: {fileID: 2871039664815255743}
  - component: {fileID: 526848808813827586}
  - component: {fileID: 6609736388433221817}
  m_Layer: 0
  m_Name: Cube_cell.011
  m_TagString: Untagged
  m_Icon: {fileID: 0}
  m_NavMeshLayer: 0
  m_StaticEditorFlags: 0
  m_IsActive: 1
--- !u!4 &7463073465676015618
Transform:
  m_ObjectHideFlags: 0
  m_CorrespondingSourceObject: {fileID: 0}
  m_PrefabInstance: {fileID: 0}
  m_PrefabAsset: {fileID: 0}
  m_GameObject: {fileID: 880820193782050973}
  m_LocalRotation: {x: -0.7071068, y: 0, z: -0, w: 0.7071067}
  m_LocalPosition: {x: -2.1044385, y: 6.7296433, z: -2.1398125}
  m_LocalScale: {x: 100, y: 100, z: 100}
  m_Children: []
  m_Father: {fileID: 5068555449821707647}
  m_RootOrder: 11
  m_LocalEulerAnglesHint: {x: 0, y: 0, z: 0}
--- !u!33 &6977837975875931252
MeshFilter:
  m_ObjectHideFlags: 0
  m_CorrespondingSourceObject: {fileID: 0}
  m_PrefabInstance: {fileID: 0}
  m_PrefabAsset: {fileID: 0}
  m_GameObject: {fileID: 880820193782050973}
  m_Mesh: {fileID: 4300026, guid: 590cdd0f793139642879a1f8ba677a77, type: 3}
--- !u!23 &5366617442837998676
MeshRenderer:
  m_ObjectHideFlags: 0
  m_CorrespondingSourceObject: {fileID: 0}
  m_PrefabInstance: {fileID: 0}
  m_PrefabAsset: {fileID: 0}
  m_GameObject: {fileID: 880820193782050973}
  m_Enabled: 1
  m_CastShadows: 1
  m_ReceiveShadows: 1
  m_DynamicOccludee: 1
  m_MotionVectors: 1
  m_LightProbeUsage: 1
  m_ReflectionProbeUsage: 1
  m_RenderingLayerMask: 1
  m_RendererPriority: 0
  m_Materials:
  - {fileID: 2100000, guid: 590cdd0f793139642879a1f8ba677a77, type: 3}
  - {fileID: 2100002, guid: 590cdd0f793139642879a1f8ba677a77, type: 3}
  m_StaticBatchInfo:
    firstSubMesh: 0
    subMeshCount: 0
  m_StaticBatchRoot: {fileID: 0}
  m_ProbeAnchor: {fileID: 0}
  m_LightProbeVolumeOverride: {fileID: 0}
  m_ScaleInLightmap: 1
  m_PreserveUVs: 0
  m_IgnoreNormalsForChartDetection: 0
  m_ImportantGI: 0
  m_StitchLightmapSeams: 0
  m_SelectedEditorRenderState: 3
  m_MinimumChartSize: 4
  m_AutoUVMaxDistance: 0.5
  m_AutoUVMaxAngle: 89
  m_LightmapParameters: {fileID: 0}
  m_SortingLayerID: 0
  m_SortingLayer: 0
  m_SortingOrder: 0
--- !u!54 &2871039664815255743
Rigidbody:
  m_ObjectHideFlags: 0
  m_CorrespondingSourceObject: {fileID: 0}
  m_PrefabInstance: {fileID: 0}
  m_PrefabAsset: {fileID: 0}
  m_GameObject: {fileID: 880820193782050973}
  serializedVersion: 2
  m_Mass: 1
  m_Drag: 0
  m_AngularDrag: 0.05
  m_UseGravity: 1
  m_IsKinematic: 0
  m_Interpolate: 0
  m_Constraints: 0
  m_CollisionDetection: 0
--- !u!64 &526848808813827586
MeshCollider:
  m_ObjectHideFlags: 0
  m_CorrespondingSourceObject: {fileID: 0}
  m_PrefabInstance: {fileID: 0}
  m_PrefabAsset: {fileID: 0}
  m_GameObject: {fileID: 880820193782050973}
  m_Material: {fileID: 0}
  m_IsTrigger: 0
  m_Enabled: 1
  serializedVersion: 3
  m_Convex: 1
  m_CookingOptions: 14
  m_Mesh: {fileID: 4300026, guid: 590cdd0f793139642879a1f8ba677a77, type: 3}
--- !u!114 &6609736388433221817
MonoBehaviour:
  m_ObjectHideFlags: 0
  m_CorrespondingSourceObject: {fileID: 0}
  m_PrefabInstance: {fileID: 0}
  m_PrefabAsset: {fileID: 0}
  m_GameObject: {fileID: 880820193782050973}
  m_Enabled: 1
  m_EditorHideFlags: 0
  m_Script: {fileID: 11500000, guid: b1bbb502083c41048a8fedc6a9693be7, type: 3}
  m_Name: 
  m_EditorClassIdentifier: 
  totalHitPoints: 10
  currentHitPoints: 10
  damageLevels: []
  destroyedPrefab: {fileID: 0}
  destroyedPrefabParent: {fileID: 0}
  fallbackParticle: {fileID: 0}
  fallbackParticleMaterial: {fileID: 0}
  damageEffects: []
  velocityReduction: 0.5
  ignoreCollisionsUnder: 2
  unparentOnDestroy: []
  disableKinematicOnUparentedChildren: 1
  replaceMaterials: []
  canBeDestroyed: 1
  canBeRepaired: 1
  canBeObliterated: 1
  debrisToReParentByName: []
  debrisToReParentIsKinematic: 0
  childrenToReParentByName: []
  destructibleGroupId: 0
  isDebrisChipAway: 0
  chipAwayDebrisMass: 1
  chipAwayDebrisDrag: 0
  chipAwayDebrisAngularDrag: 0.05
  autoPoolDestroyedPrefab: 1
  useFallbackParticle: 1
  centerPointOverride: {x: 0, y: 0, z: 0}
  sinkWhenDestroyed: 0
--- !u!1 &1198911841682244885
GameObject:
  m_ObjectHideFlags: 0
  m_CorrespondingSourceObject: {fileID: 0}
  m_PrefabInstance: {fileID: 0}
  m_PrefabAsset: {fileID: 0}
  serializedVersion: 6
  m_Component:
  - component: {fileID: 9129649278538414812}
  - component: {fileID: 5771792373274489838}
  - component: {fileID: 2935532968483617919}
  - component: {fileID: 1754415224610481535}
  - component: {fileID: 4310492215233280213}
  - component: {fileID: 3453666805791564086}
  m_Layer: 0
  m_Name: Cube_cell.005
  m_TagString: Untagged
  m_Icon: {fileID: 0}
  m_NavMeshLayer: 0
  m_StaticEditorFlags: 0
  m_IsActive: 1
--- !u!4 &9129649278538414812
Transform:
  m_ObjectHideFlags: 0
  m_CorrespondingSourceObject: {fileID: 0}
  m_PrefabInstance: {fileID: 0}
  m_PrefabAsset: {fileID: 0}
  m_GameObject: {fileID: 1198911841682244885}
  m_LocalRotation: {x: -0.7071068, y: 0, z: -0, w: 0.7071067}
  m_LocalPosition: {x: 0.053720832, y: 6.354655, z: -1.3806648}
  m_LocalScale: {x: 100, y: 100, z: 100}
  m_Children: []
  m_Father: {fileID: 5068555449821707647}
  m_RootOrder: 5
  m_LocalEulerAnglesHint: {x: 0, y: 0, z: 0}
--- !u!33 &5771792373274489838
MeshFilter:
  m_ObjectHideFlags: 0
  m_CorrespondingSourceObject: {fileID: 0}
  m_PrefabInstance: {fileID: 0}
  m_PrefabAsset: {fileID: 0}
  m_GameObject: {fileID: 1198911841682244885}
  m_Mesh: {fileID: 4300038, guid: 590cdd0f793139642879a1f8ba677a77, type: 3}
--- !u!23 &2935532968483617919
MeshRenderer:
  m_ObjectHideFlags: 0
  m_CorrespondingSourceObject: {fileID: 0}
  m_PrefabInstance: {fileID: 0}
  m_PrefabAsset: {fileID: 0}
  m_GameObject: {fileID: 1198911841682244885}
  m_Enabled: 1
  m_CastShadows: 1
  m_ReceiveShadows: 1
  m_DynamicOccludee: 1
  m_MotionVectors: 1
  m_LightProbeUsage: 1
  m_ReflectionProbeUsage: 1
  m_RenderingLayerMask: 1
  m_RendererPriority: 0
  m_Materials:
  - {fileID: 2100000, guid: 590cdd0f793139642879a1f8ba677a77, type: 3}
  - {fileID: 2100002, guid: 590cdd0f793139642879a1f8ba677a77, type: 3}
  m_StaticBatchInfo:
    firstSubMesh: 0
    subMeshCount: 0
  m_StaticBatchRoot: {fileID: 0}
  m_ProbeAnchor: {fileID: 0}
  m_LightProbeVolumeOverride: {fileID: 0}
  m_ScaleInLightmap: 1
  m_PreserveUVs: 0
  m_IgnoreNormalsForChartDetection: 0
  m_ImportantGI: 0
  m_StitchLightmapSeams: 0
  m_SelectedEditorRenderState: 3
  m_MinimumChartSize: 4
  m_AutoUVMaxDistance: 0.5
  m_AutoUVMaxAngle: 89
  m_LightmapParameters: {fileID: 0}
  m_SortingLayerID: 0
  m_SortingLayer: 0
  m_SortingOrder: 0
--- !u!54 &1754415224610481535
Rigidbody:
  m_ObjectHideFlags: 0
  m_CorrespondingSourceObject: {fileID: 0}
  m_PrefabInstance: {fileID: 0}
  m_PrefabAsset: {fileID: 0}
  m_GameObject: {fileID: 1198911841682244885}
  serializedVersion: 2
  m_Mass: 1
  m_Drag: 0
  m_AngularDrag: 0.05
  m_UseGravity: 1
  m_IsKinematic: 0
  m_Interpolate: 0
  m_Constraints: 0
  m_CollisionDetection: 0
--- !u!64 &4310492215233280213
MeshCollider:
  m_ObjectHideFlags: 0
  m_CorrespondingSourceObject: {fileID: 0}
  m_PrefabInstance: {fileID: 0}
  m_PrefabAsset: {fileID: 0}
  m_GameObject: {fileID: 1198911841682244885}
  m_Material: {fileID: 0}
  m_IsTrigger: 0
  m_Enabled: 1
  serializedVersion: 3
  m_Convex: 1
  m_CookingOptions: 14
  m_Mesh: {fileID: 4300038, guid: 590cdd0f793139642879a1f8ba677a77, type: 3}
--- !u!114 &3453666805791564086
MonoBehaviour:
  m_ObjectHideFlags: 0
  m_CorrespondingSourceObject: {fileID: 0}
  m_PrefabInstance: {fileID: 0}
  m_PrefabAsset: {fileID: 0}
  m_GameObject: {fileID: 1198911841682244885}
  m_Enabled: 1
  m_EditorHideFlags: 0
  m_Script: {fileID: 11500000, guid: b1bbb502083c41048a8fedc6a9693be7, type: 3}
  m_Name: 
  m_EditorClassIdentifier: 
  totalHitPoints: 10
  currentHitPoints: 10
  damageLevels: []
  destroyedPrefab: {fileID: 0}
  destroyedPrefabParent: {fileID: 0}
  fallbackParticle: {fileID: 0}
  fallbackParticleMaterial: {fileID: 0}
  damageEffects: []
  velocityReduction: 0.5
  ignoreCollisionsUnder: 2
  unparentOnDestroy: []
  disableKinematicOnUparentedChildren: 1
  replaceMaterials: []
  canBeDestroyed: 1
  canBeRepaired: 1
  canBeObliterated: 1
  debrisToReParentByName: []
  debrisToReParentIsKinematic: 0
  childrenToReParentByName: []
  destructibleGroupId: 0
  isDebrisChipAway: 0
  chipAwayDebrisMass: 1
  chipAwayDebrisDrag: 0
  chipAwayDebrisAngularDrag: 0.05
  autoPoolDestroyedPrefab: 1
  useFallbackParticle: 1
  centerPointOverride: {x: 0, y: 0, z: 0}
  sinkWhenDestroyed: 0
--- !u!1 &1685217430419430774
GameObject:
  m_ObjectHideFlags: 0
  m_CorrespondingSourceObject: {fileID: 0}
  m_PrefabInstance: {fileID: 0}
  m_PrefabAsset: {fileID: 0}
  serializedVersion: 6
  m_Component:
  - component: {fileID: 1281808198751446094}
  - component: {fileID: 8929893717152833763}
  - component: {fileID: 3628255611492549712}
  - component: {fileID: 5508053581772709081}
  - component: {fileID: 6512773075466923459}
  - component: {fileID: 7573924942516843253}
  m_Layer: 0
  m_Name: Cube_cell.004
  m_TagString: Untagged
  m_Icon: {fileID: 0}
  m_NavMeshLayer: 0
  m_StaticEditorFlags: 0
  m_IsActive: 1
--- !u!4 &1281808198751446094
Transform:
  m_ObjectHideFlags: 0
  m_CorrespondingSourceObject: {fileID: 0}
  m_PrefabInstance: {fileID: 0}
  m_PrefabAsset: {fileID: 0}
  m_GameObject: {fileID: 1685217430419430774}
  m_LocalRotation: {x: -0.7071068, y: 0, z: -0, w: 0.7071067}
  m_LocalPosition: {x: -2.4895096, y: 6.4293823, z: 0.6809275}
  m_LocalScale: {x: 100, y: 100, z: 100}
  m_Children: []
  m_Father: {fileID: 5068555449821707647}
  m_RootOrder: 4
  m_LocalEulerAnglesHint: {x: 0, y: 0, z: 0}
--- !u!33 &8929893717152833763
MeshFilter:
  m_ObjectHideFlags: 0
  m_CorrespondingSourceObject: {fileID: 0}
  m_PrefabInstance: {fileID: 0}
  m_PrefabAsset: {fileID: 0}
  m_GameObject: {fileID: 1685217430419430774}
  m_Mesh: {fileID: 4300040, guid: 590cdd0f793139642879a1f8ba677a77, type: 3}
--- !u!23 &3628255611492549712
MeshRenderer:
  m_ObjectHideFlags: 0
  m_CorrespondingSourceObject: {fileID: 0}
  m_PrefabInstance: {fileID: 0}
  m_PrefabAsset: {fileID: 0}
  m_GameObject: {fileID: 1685217430419430774}
  m_Enabled: 1
  m_CastShadows: 1
  m_ReceiveShadows: 1
  m_DynamicOccludee: 1
  m_MotionVectors: 1
  m_LightProbeUsage: 1
  m_ReflectionProbeUsage: 1
  m_RenderingLayerMask: 1
  m_RendererPriority: 0
  m_Materials:
  - {fileID: 2100002, guid: 590cdd0f793139642879a1f8ba677a77, type: 3}
  - {fileID: 2100000, guid: 590cdd0f793139642879a1f8ba677a77, type: 3}
  m_StaticBatchInfo:
    firstSubMesh: 0
    subMeshCount: 0
  m_StaticBatchRoot: {fileID: 0}
  m_ProbeAnchor: {fileID: 0}
  m_LightProbeVolumeOverride: {fileID: 0}
  m_ScaleInLightmap: 1
  m_PreserveUVs: 0
  m_IgnoreNormalsForChartDetection: 0
  m_ImportantGI: 0
  m_StitchLightmapSeams: 0
  m_SelectedEditorRenderState: 3
  m_MinimumChartSize: 4
  m_AutoUVMaxDistance: 0.5
  m_AutoUVMaxAngle: 89
  m_LightmapParameters: {fileID: 0}
  m_SortingLayerID: 0
  m_SortingLayer: 0
  m_SortingOrder: 0
--- !u!54 &5508053581772709081
Rigidbody:
  m_ObjectHideFlags: 0
  m_CorrespondingSourceObject: {fileID: 0}
  m_PrefabInstance: {fileID: 0}
  m_PrefabAsset: {fileID: 0}
  m_GameObject: {fileID: 1685217430419430774}
  serializedVersion: 2
  m_Mass: 1
  m_Drag: 0
  m_AngularDrag: 0.05
  m_UseGravity: 1
  m_IsKinematic: 0
  m_Interpolate: 0
  m_Constraints: 0
  m_CollisionDetection: 0
--- !u!64 &6512773075466923459
MeshCollider:
  m_ObjectHideFlags: 0
  m_CorrespondingSourceObject: {fileID: 0}
  m_PrefabInstance: {fileID: 0}
  m_PrefabAsset: {fileID: 0}
  m_GameObject: {fileID: 1685217430419430774}
  m_Material: {fileID: 0}
  m_IsTrigger: 0
  m_Enabled: 1
  serializedVersion: 3
  m_Convex: 1
  m_CookingOptions: 14
  m_Mesh: {fileID: 4300040, guid: 590cdd0f793139642879a1f8ba677a77, type: 3}
--- !u!114 &7573924942516843253
MonoBehaviour:
  m_ObjectHideFlags: 0
  m_CorrespondingSourceObject: {fileID: 0}
  m_PrefabInstance: {fileID: 0}
  m_PrefabAsset: {fileID: 0}
  m_GameObject: {fileID: 1685217430419430774}
  m_Enabled: 1
  m_EditorHideFlags: 0
  m_Script: {fileID: 11500000, guid: b1bbb502083c41048a8fedc6a9693be7, type: 3}
  m_Name: 
  m_EditorClassIdentifier: 
  totalHitPoints: 10
  currentHitPoints: 10
  damageLevels: []
  destroyedPrefab: {fileID: 0}
  destroyedPrefabParent: {fileID: 0}
  fallbackParticle: {fileID: 0}
  fallbackParticleMaterial: {fileID: 0}
  damageEffects: []
  velocityReduction: 0.5
  ignoreCollisionsUnder: 2
  unparentOnDestroy: []
  disableKinematicOnUparentedChildren: 1
  replaceMaterials: []
  canBeDestroyed: 1
  canBeRepaired: 1
  canBeObliterated: 1
  debrisToReParentByName: []
  debrisToReParentIsKinematic: 0
  childrenToReParentByName: []
  destructibleGroupId: 0
  isDebrisChipAway: 0
  chipAwayDebrisMass: 1
  chipAwayDebrisDrag: 0
  chipAwayDebrisAngularDrag: 0.05
  autoPoolDestroyedPrefab: 1
  useFallbackParticle: 1
  centerPointOverride: {x: 0, y: 0, z: 0}
  sinkWhenDestroyed: 0
--- !u!1 &3428514520511948252
GameObject:
  m_ObjectHideFlags: 0
  m_CorrespondingSourceObject: {fileID: 0}
  m_PrefabInstance: {fileID: 0}
  m_PrefabAsset: {fileID: 0}
  serializedVersion: 6
  m_Component:
  - component: {fileID: 6854675300882647552}
  - component: {fileID: 6656458675440058224}
  - component: {fileID: 92060570433985467}
  - component: {fileID: 97208759407699454}
  - component: {fileID: 4393118560892845672}
  - component: {fileID: 7346917996699927851}
  m_Layer: 0
  m_Name: Cube_cell.010
  m_TagString: Untagged
  m_Icon: {fileID: 0}
  m_NavMeshLayer: 0
  m_StaticEditorFlags: 0
  m_IsActive: 1
--- !u!4 &6854675300882647552
Transform:
  m_ObjectHideFlags: 0
  m_CorrespondingSourceObject: {fileID: 0}
  m_PrefabInstance: {fileID: 0}
  m_PrefabAsset: {fileID: 0}
  m_GameObject: {fileID: 3428514520511948252}
  m_LocalRotation: {x: -0.7071068, y: 0, z: -0, w: 0.7071067}
  m_LocalPosition: {x: -0.80782026, y: 0.77972615, z: -0.03899213}
  m_LocalScale: {x: 100, y: 100, z: 100}
  m_Children: []
  m_Father: {fileID: 5068555449821707647}
  m_RootOrder: 10
  m_LocalEulerAnglesHint: {x: 0, y: 0, z: 0}
--- !u!33 &6656458675440058224
MeshFilter:
  m_ObjectHideFlags: 0
  m_CorrespondingSourceObject: {fileID: 0}
  m_PrefabInstance: {fileID: 0}
  m_PrefabAsset: {fileID: 0}
  m_GameObject: {fileID: 3428514520511948252}
  m_Mesh: {fileID: 4300028, guid: 590cdd0f793139642879a1f8ba677a77, type: 3}
--- !u!23 &92060570433985467
MeshRenderer:
  m_ObjectHideFlags: 0
  m_CorrespondingSourceObject: {fileID: 0}
  m_PrefabInstance: {fileID: 0}
  m_PrefabAsset: {fileID: 0}
  m_GameObject: {fileID: 3428514520511948252}
  m_Enabled: 1
  m_CastShadows: 1
  m_ReceiveShadows: 1
  m_DynamicOccludee: 1
  m_MotionVectors: 1
  m_LightProbeUsage: 1
  m_ReflectionProbeUsage: 1
  m_RenderingLayerMask: 1
  m_RendererPriority: 0
  m_Materials:
  - {fileID: 2100000, guid: 590cdd0f793139642879a1f8ba677a77, type: 3}
  - {fileID: 2100002, guid: 590cdd0f793139642879a1f8ba677a77, type: 3}
  m_StaticBatchInfo:
    firstSubMesh: 0
    subMeshCount: 0
  m_StaticBatchRoot: {fileID: 0}
  m_ProbeAnchor: {fileID: 0}
  m_LightProbeVolumeOverride: {fileID: 0}
  m_ScaleInLightmap: 1
  m_PreserveUVs: 0
  m_IgnoreNormalsForChartDetection: 0
  m_ImportantGI: 0
  m_StitchLightmapSeams: 0
  m_SelectedEditorRenderState: 3
  m_MinimumChartSize: 4
  m_AutoUVMaxDistance: 0.5
  m_AutoUVMaxAngle: 89
  m_LightmapParameters: {fileID: 0}
  m_SortingLayerID: 0
  m_SortingLayer: 0
  m_SortingOrder: 0
--- !u!54 &97208759407699454
Rigidbody:
  m_ObjectHideFlags: 0
  m_CorrespondingSourceObject: {fileID: 0}
  m_PrefabInstance: {fileID: 0}
  m_PrefabAsset: {fileID: 0}
  m_GameObject: {fileID: 3428514520511948252}
  serializedVersion: 2
  m_Mass: 1
  m_Drag: 0
  m_AngularDrag: 0.05
  m_UseGravity: 1
  m_IsKinematic: 0
  m_Interpolate: 0
  m_Constraints: 0
  m_CollisionDetection: 0
--- !u!64 &4393118560892845672
MeshCollider:
  m_ObjectHideFlags: 0
  m_CorrespondingSourceObject: {fileID: 0}
  m_PrefabInstance: {fileID: 0}
  m_PrefabAsset: {fileID: 0}
  m_GameObject: {fileID: 3428514520511948252}
  m_Material: {fileID: 0}
  m_IsTrigger: 0
  m_Enabled: 1
  serializedVersion: 3
  m_Convex: 1
  m_CookingOptions: 14
  m_Mesh: {fileID: 4300028, guid: 590cdd0f793139642879a1f8ba677a77, type: 3}
--- !u!114 &7346917996699927851
MonoBehaviour:
  m_ObjectHideFlags: 0
  m_CorrespondingSourceObject: {fileID: 0}
  m_PrefabInstance: {fileID: 0}
  m_PrefabAsset: {fileID: 0}
  m_GameObject: {fileID: 3428514520511948252}
  m_Enabled: 1
  m_EditorHideFlags: 0
  m_Script: {fileID: 11500000, guid: b1bbb502083c41048a8fedc6a9693be7, type: 3}
  m_Name: 
  m_EditorClassIdentifier: 
  totalHitPoints: 10
  currentHitPoints: 10
  damageLevels: []
  destroyedPrefab: {fileID: 0}
  destroyedPrefabParent: {fileID: 0}
  fallbackParticle: {fileID: 0}
  fallbackParticleMaterial: {fileID: 0}
  damageEffects: []
  velocityReduction: 0.5
  ignoreCollisionsUnder: 2
  unparentOnDestroy: []
  disableKinematicOnUparentedChildren: 1
  replaceMaterials: []
  canBeDestroyed: 1
  canBeRepaired: 1
  canBeObliterated: 1
  debrisToReParentByName: []
  debrisToReParentIsKinematic: 0
  childrenToReParentByName: []
  destructibleGroupId: 0
  isDebrisChipAway: 0
  chipAwayDebrisMass: 1
  chipAwayDebrisDrag: 0
  chipAwayDebrisAngularDrag: 0.05
  autoPoolDestroyedPrefab: 1
  useFallbackParticle: 1
  centerPointOverride: {x: 0, y: 0, z: 0}
  sinkWhenDestroyed: 0
--- !u!1 &3589773949818702469
GameObject:
  m_ObjectHideFlags: 0
  m_CorrespondingSourceObject: {fileID: 0}
  m_PrefabInstance: {fileID: 0}
  m_PrefabAsset: {fileID: 0}
  serializedVersion: 6
  m_Component:
  - component: {fileID: 6979141824308821055}
  - component: {fileID: 2312463631620506318}
  - component: {fileID: 8145068240711736371}
  - component: {fileID: 779333136533166781}
  - component: {fileID: 8481290872585339485}
  - component: {fileID: 7967733364134967770}
  m_Layer: 0
  m_Name: Cube_cell.007
  m_TagString: Untagged
  m_Icon: {fileID: 0}
  m_NavMeshLayer: 0
  m_StaticEditorFlags: 0
  m_IsActive: 1
--- !u!4 &6979141824308821055
Transform:
  m_ObjectHideFlags: 0
  m_CorrespondingSourceObject: {fileID: 0}
  m_PrefabInstance: {fileID: 0}
  m_PrefabAsset: {fileID: 0}
  m_GameObject: {fileID: 3589773949818702469}
  m_LocalRotation: {x: -0.7071068, y: 0, z: -0, w: 0.7071067}
  m_LocalPosition: {x: 1.8191388, y: 1.077952, z: 2.5679483}
  m_LocalScale: {x: 100, y: 100, z: 100}
  m_Children: []
  m_Father: {fileID: 5068555449821707647}
  m_RootOrder: 7
  m_LocalEulerAnglesHint: {x: 0, y: 0, z: 0}
--- !u!33 &2312463631620506318
MeshFilter:
  m_ObjectHideFlags: 0
  m_CorrespondingSourceObject: {fileID: 0}
  m_PrefabInstance: {fileID: 0}
  m_PrefabAsset: {fileID: 0}
  m_GameObject: {fileID: 3589773949818702469}
  m_Mesh: {fileID: 4300034, guid: 590cdd0f793139642879a1f8ba677a77, type: 3}
--- !u!23 &8145068240711736371
MeshRenderer:
  m_ObjectHideFlags: 0
  m_CorrespondingSourceObject: {fileID: 0}
  m_PrefabInstance: {fileID: 0}
  m_PrefabAsset: {fileID: 0}
  m_GameObject: {fileID: 3589773949818702469}
  m_Enabled: 1
  m_CastShadows: 1
  m_ReceiveShadows: 1
  m_DynamicOccludee: 1
  m_MotionVectors: 1
  m_LightProbeUsage: 1
  m_ReflectionProbeUsage: 1
  m_RenderingLayerMask: 1
  m_RendererPriority: 0
  m_Materials:
  - {fileID: 2100000, guid: 590cdd0f793139642879a1f8ba677a77, type: 3}
  - {fileID: 2100002, guid: 590cdd0f793139642879a1f8ba677a77, type: 3}
  m_StaticBatchInfo:
    firstSubMesh: 0
    subMeshCount: 0
  m_StaticBatchRoot: {fileID: 0}
  m_ProbeAnchor: {fileID: 0}
  m_LightProbeVolumeOverride: {fileID: 0}
  m_ScaleInLightmap: 1
  m_PreserveUVs: 0
  m_IgnoreNormalsForChartDetection: 0
  m_ImportantGI: 0
  m_StitchLightmapSeams: 0
  m_SelectedEditorRenderState: 3
  m_MinimumChartSize: 4
  m_AutoUVMaxDistance: 0.5
  m_AutoUVMaxAngle: 89
  m_LightmapParameters: {fileID: 0}
  m_SortingLayerID: 0
  m_SortingLayer: 0
  m_SortingOrder: 0
--- !u!54 &779333136533166781
Rigidbody:
  m_ObjectHideFlags: 0
  m_CorrespondingSourceObject: {fileID: 0}
  m_PrefabInstance: {fileID: 0}
  m_PrefabAsset: {fileID: 0}
  m_GameObject: {fileID: 3589773949818702469}
  serializedVersion: 2
  m_Mass: 1
  m_Drag: 0
  m_AngularDrag: 0.05
  m_UseGravity: 1
  m_IsKinematic: 0
  m_Interpolate: 0
  m_Constraints: 0
  m_CollisionDetection: 0
--- !u!64 &8481290872585339485
MeshCollider:
  m_ObjectHideFlags: 0
  m_CorrespondingSourceObject: {fileID: 0}
  m_PrefabInstance: {fileID: 0}
  m_PrefabAsset: {fileID: 0}
  m_GameObject: {fileID: 3589773949818702469}
  m_Material: {fileID: 0}
  m_IsTrigger: 0
  m_Enabled: 1
  serializedVersion: 3
  m_Convex: 1
  m_CookingOptions: 14
  m_Mesh: {fileID: 4300034, guid: 590cdd0f793139642879a1f8ba677a77, type: 3}
--- !u!114 &7967733364134967770
MonoBehaviour:
  m_ObjectHideFlags: 0
  m_CorrespondingSourceObject: {fileID: 0}
  m_PrefabInstance: {fileID: 0}
  m_PrefabAsset: {fileID: 0}
  m_GameObject: {fileID: 3589773949818702469}
  m_Enabled: 1
  m_EditorHideFlags: 0
  m_Script: {fileID: 11500000, guid: b1bbb502083c41048a8fedc6a9693be7, type: 3}
  m_Name: 
  m_EditorClassIdentifier: 
  totalHitPoints: 10
  currentHitPoints: 10
  damageLevels: []
  destroyedPrefab: {fileID: 0}
  destroyedPrefabParent: {fileID: 0}
  fallbackParticle: {fileID: 0}
  fallbackParticleMaterial: {fileID: 0}
  damageEffects: []
  velocityReduction: 0.5
  ignoreCollisionsUnder: 2
  unparentOnDestroy: []
  disableKinematicOnUparentedChildren: 1
  replaceMaterials: []
  canBeDestroyed: 1
  canBeRepaired: 1
  canBeObliterated: 1
  debrisToReParentByName: []
  debrisToReParentIsKinematic: 0
  childrenToReParentByName: []
  destructibleGroupId: 0
  isDebrisChipAway: 0
  chipAwayDebrisMass: 1
  chipAwayDebrisDrag: 0
  chipAwayDebrisAngularDrag: 0.05
  autoPoolDestroyedPrefab: 1
  useFallbackParticle: 1
  centerPointOverride: {x: 0, y: 0, z: 0}
  sinkWhenDestroyed: 0
--- !u!1 &3982331055428804896
GameObject:
  m_ObjectHideFlags: 0
  m_CorrespondingSourceObject: {fileID: 0}
  m_PrefabInstance: {fileID: 0}
  m_PrefabAsset: {fileID: 0}
  serializedVersion: 6
  m_Component:
  - component: {fileID: 2269199384008655748}
  - component: {fileID: 4551733591719864689}
  - component: {fileID: 1704144263621981310}
  - component: {fileID: 2374983206476914858}
  - component: {fileID: 333580334171512741}
  - component: {fileID: 7436604929665059572}
  m_Layer: 0
  m_Name: Cube_cell.000
  m_TagString: Untagged
  m_Icon: {fileID: 0}
  m_NavMeshLayer: 0
  m_StaticEditorFlags: 0
  m_IsActive: 1
--- !u!4 &2269199384008655748
Transform:
  m_ObjectHideFlags: 0
  m_CorrespondingSourceObject: {fileID: 0}
  m_PrefabInstance: {fileID: 0}
  m_PrefabAsset: {fileID: 0}
  m_GameObject: {fileID: 3982331055428804896}
  m_LocalRotation: {x: -0.7071068, y: 0, z: -0, w: 0.7071067}
  m_LocalPosition: {x: -2.467207, y: 3.2834303, z: 1.3426673}
  m_LocalScale: {x: 100, y: 100, z: 100}
  m_Children: []
  m_Father: {fileID: 5068555449821707647}
  m_RootOrder: 0
  m_LocalEulerAnglesHint: {x: 0, y: 0, z: 0}
--- !u!33 &4551733591719864689
MeshFilter:
  m_ObjectHideFlags: 0
  m_CorrespondingSourceObject: {fileID: 0}
  m_PrefabInstance: {fileID: 0}
  m_PrefabAsset: {fileID: 0}
  m_GameObject: {fileID: 3982331055428804896}
  m_Mesh: {fileID: 4300048, guid: 590cdd0f793139642879a1f8ba677a77, type: 3}
--- !u!23 &1704144263621981310
MeshRenderer:
  m_ObjectHideFlags: 0
  m_CorrespondingSourceObject: {fileID: 0}
  m_PrefabInstance: {fileID: 0}
  m_PrefabAsset: {fileID: 0}
  m_GameObject: {fileID: 3982331055428804896}
  m_Enabled: 1
  m_CastShadows: 1
  m_ReceiveShadows: 1
  m_DynamicOccludee: 1
  m_MotionVectors: 1
  m_LightProbeUsage: 1
  m_ReflectionProbeUsage: 1
  m_RenderingLayerMask: 1
  m_RendererPriority: 0
  m_Materials:
  - {fileID: 2100000, guid: 590cdd0f793139642879a1f8ba677a77, type: 3}
  - {fileID: 2100002, guid: 590cdd0f793139642879a1f8ba677a77, type: 3}
  m_StaticBatchInfo:
    firstSubMesh: 0
    subMeshCount: 0
  m_StaticBatchRoot: {fileID: 0}
  m_ProbeAnchor: {fileID: 0}
  m_LightProbeVolumeOverride: {fileID: 0}
  m_ScaleInLightmap: 1
  m_PreserveUVs: 0
  m_IgnoreNormalsForChartDetection: 0
  m_ImportantGI: 0
  m_StitchLightmapSeams: 0
  m_SelectedEditorRenderState: 3
  m_MinimumChartSize: 4
  m_AutoUVMaxDistance: 0.5
  m_AutoUVMaxAngle: 89
  m_LightmapParameters: {fileID: 0}
  m_SortingLayerID: 0
  m_SortingLayer: 0
  m_SortingOrder: 0
--- !u!54 &2374983206476914858
Rigidbody:
  m_ObjectHideFlags: 0
  m_CorrespondingSourceObject: {fileID: 0}
  m_PrefabInstance: {fileID: 0}
  m_PrefabAsset: {fileID: 0}
  m_GameObject: {fileID: 3982331055428804896}
  serializedVersion: 2
  m_Mass: 1
  m_Drag: 0
  m_AngularDrag: 0.05
  m_UseGravity: 1
  m_IsKinematic: 0
  m_Interpolate: 0
  m_Constraints: 0
  m_CollisionDetection: 0
--- !u!64 &333580334171512741
MeshCollider:
  m_ObjectHideFlags: 0
  m_CorrespondingSourceObject: {fileID: 0}
  m_PrefabInstance: {fileID: 0}
  m_PrefabAsset: {fileID: 0}
  m_GameObject: {fileID: 3982331055428804896}
  m_Material: {fileID: 0}
  m_IsTrigger: 0
  m_Enabled: 1
  serializedVersion: 3
  m_Convex: 1
  m_CookingOptions: 14
  m_Mesh: {fileID: 4300048, guid: 590cdd0f793139642879a1f8ba677a77, type: 3}
--- !u!114 &7436604929665059572
MonoBehaviour:
  m_ObjectHideFlags: 0
  m_CorrespondingSourceObject: {fileID: 0}
  m_PrefabInstance: {fileID: 0}
  m_PrefabAsset: {fileID: 0}
  m_GameObject: {fileID: 3982331055428804896}
  m_Enabled: 1
  m_EditorHideFlags: 0
  m_Script: {fileID: 11500000, guid: b1bbb502083c41048a8fedc6a9693be7, type: 3}
  m_Name: 
  m_EditorClassIdentifier: 
  totalHitPoints: 10
  currentHitPoints: 10
  damageLevels:
  - maxHitPoints: 10
    minHitPoints: 9
    healthPercent: 100
    hasError: 0
    visibleDamageLevel: 0
  - maxHitPoints: 8
    minHitPoints: 7
    healthPercent: 80
    hasError: 0
    visibleDamageLevel: 2
  - maxHitPoints: 6
    minHitPoints: 5
    healthPercent: 60
    hasError: 0
    visibleDamageLevel: 4
  - maxHitPoints: 4
    minHitPoints: 3
    healthPercent: 40
    hasError: 0
    visibleDamageLevel: 6
  - maxHitPoints: 2
    minHitPoints: 0
    healthPercent: 20
    hasError: 0
    visibleDamageLevel: 8
  destroyedPrefab: {fileID: 0}
  destroyedPrefabParent: {fileID: 0}
  fallbackParticle: {fileID: 0}
  fallbackParticleMaterial: {fileID: 0}
  damageEffects: []
  velocityReduction: 0.5
  ignoreCollisionsUnder: 2
  unparentOnDestroy: []
  disableKinematicOnUparentedChildren: 1
  replaceMaterials: []
  canBeDestroyed: 1
  canBeRepaired: 1
  canBeObliterated: 1
  debrisToReParentByName: []
  debrisToReParentIsKinematic: 0
  childrenToReParentByName: []
  destructibleGroupId: 0
  isDebrisChipAway: 0
  chipAwayDebrisMass: 1
  chipAwayDebrisDrag: 0
  chipAwayDebrisAngularDrag: 0.05
  autoPoolDestroyedPrefab: 1
  useFallbackParticle: 1
  centerPointOverride: {x: 0, y: 0, z: 0}
  sinkWhenDestroyed: 0
--- !u!1 &4490477840461949023
GameObject:
  m_ObjectHideFlags: 0
  m_CorrespondingSourceObject: {fileID: 0}
  m_PrefabInstance: {fileID: 0}
  m_PrefabAsset: {fileID: 0}
  serializedVersion: 6
  m_Component:
  - component: {fileID: 8362590287419133994}
  - component: {fileID: 1032874186323475868}
  - component: {fileID: 464332725139671619}
  - component: {fileID: 337030937444789727}
  m_Layer: 0
  m_Name: arm_forearm_8x8_skelet
  m_TagString: Untagged
  m_Icon: {fileID: 0}
  m_NavMeshLayer: 0
  m_StaticEditorFlags: 0
  m_IsActive: 1
--- !u!4 &8362590287419133994
Transform:
  m_ObjectHideFlags: 0
  m_CorrespondingSourceObject: {fileID: 0}
  m_PrefabInstance: {fileID: 0}
  m_PrefabAsset: {fileID: 0}
  m_GameObject: {fileID: 4490477840461949023}
  m_LocalRotation: {x: -0, y: -0, z: -0, w: 1}
  m_LocalPosition: {x: 0, y: 0, z: 0}
  m_LocalScale: {x: 100, y: 100, z: 100}
  m_Children: []
  m_Father: {fileID: 5068555449821707647}
  m_RootOrder: 15
  m_LocalEulerAnglesHint: {x: 0, y: 0, z: 0}
--- !u!33 &1032874186323475868
MeshFilter:
  m_ObjectHideFlags: 0
  m_CorrespondingSourceObject: {fileID: 0}
  m_PrefabInstance: {fileID: 0}
  m_PrefabAsset: {fileID: 0}
  m_GameObject: {fileID: 4490477840461949023}
  m_Mesh: {fileID: 4300018, guid: 30c17ca875fc3e54cbf6204b194a9b73, type: 3}
--- !u!23 &464332725139671619
MeshRenderer:
  m_ObjectHideFlags: 0
  m_CorrespondingSourceObject: {fileID: 0}
  m_PrefabInstance: {fileID: 0}
  m_PrefabAsset: {fileID: 0}
  m_GameObject: {fileID: 4490477840461949023}
  m_Enabled: 1
  m_CastShadows: 1
  m_ReceiveShadows: 1
  m_DynamicOccludee: 1
  m_MotionVectors: 1
  m_LightProbeUsage: 1
  m_ReflectionProbeUsage: 1
  m_RenderingLayerMask: 1
  m_RendererPriority: 0
  m_Materials:
  - {fileID: 2100000, guid: c0f8871d346d27f42b8666536fe0c730, type: 2}
  m_StaticBatchInfo:
    firstSubMesh: 0
    subMeshCount: 0
  m_StaticBatchRoot: {fileID: 0}
  m_ProbeAnchor: {fileID: 0}
  m_LightProbeVolumeOverride: {fileID: 0}
  m_ScaleInLightmap: 1
  m_PreserveUVs: 0
  m_IgnoreNormalsForChartDetection: 0
  m_ImportantGI: 0
  m_StitchLightmapSeams: 0
  m_SelectedEditorRenderState: 3
  m_MinimumChartSize: 4
  m_AutoUVMaxDistance: 0.5
  m_AutoUVMaxAngle: 89
  m_LightmapParameters: {fileID: 0}
  m_SortingLayerID: 0
  m_SortingLayer: 0
  m_SortingOrder: 0
--- !u!65 &337030937444789727
BoxCollider:
  m_ObjectHideFlags: 0
  m_CorrespondingSourceObject: {fileID: 0}
  m_PrefabInstance: {fileID: 0}
  m_PrefabAsset: {fileID: 0}
  m_GameObject: {fileID: 4490477840461949023}
  m_Material: {fileID: 0}
  m_IsTrigger: 0
  m_Enabled: 1
  serializedVersion: 2
  m_Size: {x: 0.02, y: 0.08, z: 0.02}
  m_Center: {x: 0, y: 0.04, z: 0}
--- !u!1 &5279535892948372640
GameObject:
  m_ObjectHideFlags: 0
  m_CorrespondingSourceObject: {fileID: 0}
  m_PrefabInstance: {fileID: 0}
  m_PrefabAsset: {fileID: 0}
  serializedVersion: 6
  m_Component:
  - component: {fileID: 6117207802182068033}
  - component: {fileID: 2200183420140726676}
  - component: {fileID: 3432954988682826117}
  - component: {fileID: 8967761630953277475}
  - component: {fileID: 2774918454114960525}
  - component: {fileID: 2395863431053102348}
  m_Layer: 0
  m_Name: Cube_cell.014
  m_TagString: Untagged
  m_Icon: {fileID: 0}
  m_NavMeshLayer: 0
  m_StaticEditorFlags: 0
  m_IsActive: 1
--- !u!4 &6117207802182068033
Transform:
  m_ObjectHideFlags: 0
  m_CorrespondingSourceObject: {fileID: 0}
  m_PrefabInstance: {fileID: 0}
  m_PrefabAsset: {fileID: 0}
  m_GameObject: {fileID: 5279535892948372640}
  m_LocalRotation: {x: -0.7071068, y: 0, z: -0, w: 0.7071067}
  m_LocalPosition: {x: -0.82231534, y: 1.5897937, z: 2.2247295}
  m_LocalScale: {x: 100, y: 100, z: 100}
  m_Children: []
  m_Father: {fileID: 5068555449821707647}
  m_RootOrder: 14
  m_LocalEulerAnglesHint: {x: 0, y: 0, z: 0}
--- !u!33 &2200183420140726676
MeshFilter:
  m_ObjectHideFlags: 0
  m_CorrespondingSourceObject: {fileID: 0}
  m_PrefabInstance: {fileID: 0}
  m_PrefabAsset: {fileID: 0}
  m_GameObject: {fileID: 5279535892948372640}
  m_Mesh: {fileID: 4300020, guid: 590cdd0f793139642879a1f8ba677a77, type: 3}
--- !u!23 &3432954988682826117
MeshRenderer:
  m_ObjectHideFlags: 0
  m_CorrespondingSourceObject: {fileID: 0}
  m_PrefabInstance: {fileID: 0}
  m_PrefabAsset: {fileID: 0}
  m_GameObject: {fileID: 5279535892948372640}
  m_Enabled: 1
  m_CastShadows: 1
  m_ReceiveShadows: 1
  m_DynamicOccludee: 1
  m_MotionVectors: 1
  m_LightProbeUsage: 1
  m_ReflectionProbeUsage: 1
  m_RenderingLayerMask: 1
  m_RendererPriority: 0
  m_Materials:
  - {fileID: 2100002, guid: 590cdd0f793139642879a1f8ba677a77, type: 3}
  - {fileID: 2100000, guid: 590cdd0f793139642879a1f8ba677a77, type: 3}
  m_StaticBatchInfo:
    firstSubMesh: 0
    subMeshCount: 0
  m_StaticBatchRoot: {fileID: 0}
  m_ProbeAnchor: {fileID: 0}
  m_LightProbeVolumeOverride: {fileID: 0}
  m_ScaleInLightmap: 1
  m_PreserveUVs: 0
  m_IgnoreNormalsForChartDetection: 0
  m_ImportantGI: 0
  m_StitchLightmapSeams: 0
  m_SelectedEditorRenderState: 3
  m_MinimumChartSize: 4
  m_AutoUVMaxDistance: 0.5
  m_AutoUVMaxAngle: 89
  m_LightmapParameters: {fileID: 0}
  m_SortingLayerID: 0
  m_SortingLayer: 0
  m_SortingOrder: 0
--- !u!54 &8967761630953277475
Rigidbody:
  m_ObjectHideFlags: 0
  m_CorrespondingSourceObject: {fileID: 0}
  m_PrefabInstance: {fileID: 0}
  m_PrefabAsset: {fileID: 0}
  m_GameObject: {fileID: 5279535892948372640}
  serializedVersion: 2
  m_Mass: 1
  m_Drag: 0
  m_AngularDrag: 0.05
  m_UseGravity: 1
  m_IsKinematic: 0
  m_Interpolate: 0
  m_Constraints: 0
  m_CollisionDetection: 0
--- !u!64 &2774918454114960525
MeshCollider:
  m_ObjectHideFlags: 0
  m_CorrespondingSourceObject: {fileID: 0}
  m_PrefabInstance: {fileID: 0}
  m_PrefabAsset: {fileID: 0}
  m_GameObject: {fileID: 5279535892948372640}
  m_Material: {fileID: 0}
  m_IsTrigger: 0
  m_Enabled: 1
  serializedVersion: 3
  m_Convex: 1
  m_CookingOptions: 14
  m_Mesh: {fileID: 4300020, guid: 590cdd0f793139642879a1f8ba677a77, type: 3}
--- !u!114 &2395863431053102348
MonoBehaviour:
  m_ObjectHideFlags: 0
  m_CorrespondingSourceObject: {fileID: 0}
  m_PrefabInstance: {fileID: 0}
  m_PrefabAsset: {fileID: 0}
  m_GameObject: {fileID: 5279535892948372640}
  m_Enabled: 1
  m_EditorHideFlags: 0
  m_Script: {fileID: 11500000, guid: b1bbb502083c41048a8fedc6a9693be7, type: 3}
  m_Name: 
  m_EditorClassIdentifier: 
  totalHitPoints: 10
  currentHitPoints: 10
  damageLevels:
  - maxHitPoints: 10
    minHitPoints: 9
    healthPercent: 100
    hasError: 0
    visibleDamageLevel: 0
  - maxHitPoints: 8
    minHitPoints: 7
    healthPercent: 80
    hasError: 0
    visibleDamageLevel: 2
  - maxHitPoints: 6
    minHitPoints: 5
    healthPercent: 60
    hasError: 0
    visibleDamageLevel: 4
  - maxHitPoints: 4
    minHitPoints: 3
    healthPercent: 40
    hasError: 0
    visibleDamageLevel: 6
  - maxHitPoints: 2
    minHitPoints: 0
    healthPercent: 20
    hasError: 0
    visibleDamageLevel: 8
  destroyedPrefab: {fileID: 0}
  destroyedPrefabParent: {fileID: 0}
  fallbackParticle: {fileID: 0}
  fallbackParticleMaterial: {fileID: 0}
  damageEffects: []
  velocityReduction: 0.5
  ignoreCollisionsUnder: 2
  unparentOnDestroy: []
  disableKinematicOnUparentedChildren: 1
  replaceMaterials: []
  canBeDestroyed: 1
  canBeRepaired: 1
  canBeObliterated: 1
  debrisToReParentByName: []
  debrisToReParentIsKinematic: 0
  childrenToReParentByName: []
  destructibleGroupId: 0
  isDebrisChipAway: 0
  chipAwayDebrisMass: 1
  chipAwayDebrisDrag: 0
  chipAwayDebrisAngularDrag: 0.05
  autoPoolDestroyedPrefab: 1
  useFallbackParticle: 1
  centerPointOverride: {x: 0, y: 0, z: 0}
  sinkWhenDestroyed: 0
--- !u!1 &5282043818041742960
GameObject:
  m_ObjectHideFlags: 0
  m_CorrespondingSourceObject: {fileID: 0}
  m_PrefabInstance: {fileID: 0}
  m_PrefabAsset: {fileID: 0}
  serializedVersion: 6
  m_Component:
  - component: {fileID: 8744297007305091214}
  - component: {fileID: 2860064423977988448}
  - component: {fileID: 1135393133163055463}
  - component: {fileID: 6800770485079962020}
  - component: {fileID: 6932480304041620043}
  - component: {fileID: 1835753217838259849}
  m_Layer: 0
  m_Name: Cube_cell.012
  m_TagString: Untagged
  m_Icon: {fileID: 0}
  m_NavMeshLayer: 0
  m_StaticEditorFlags: 0
  m_IsActive: 1
--- !u!4 &8744297007305091214
Transform:
  m_ObjectHideFlags: 0
  m_CorrespondingSourceObject: {fileID: 0}
  m_PrefabInstance: {fileID: 0}
  m_PrefabAsset: {fileID: 0}
  m_GameObject: {fileID: 5282043818041742960}
  m_LocalRotation: {x: -0.7071068, y: 0, z: -0, w: 0.7071067}
  m_LocalPosition: {x: 2.2222219, y: 3.2174242, z: 0.5362139}
  m_LocalScale: {x: 100, y: 100, z: 100}
  m_Children: []
  m_Father: {fileID: 5068555449821707647}
  m_RootOrder: 12
  m_LocalEulerAnglesHint: {x: 0, y: 0, z: 0}
--- !u!33 &2860064423977988448
MeshFilter:
  m_ObjectHideFlags: 0
  m_CorrespondingSourceObject: {fileID: 0}
  m_PrefabInstance: {fileID: 0}
  m_PrefabAsset: {fileID: 0}
  m_GameObject: {fileID: 5282043818041742960}
  m_Mesh: {fileID: 4300024, guid: 590cdd0f793139642879a1f8ba677a77, type: 3}
--- !u!23 &1135393133163055463
MeshRenderer:
  m_ObjectHideFlags: 0
  m_CorrespondingSourceObject: {fileID: 0}
  m_PrefabInstance: {fileID: 0}
  m_PrefabAsset: {fileID: 0}
  m_GameObject: {fileID: 5282043818041742960}
  m_Enabled: 1
  m_CastShadows: 1
  m_ReceiveShadows: 1
  m_DynamicOccludee: 1
  m_MotionVectors: 1
  m_LightProbeUsage: 1
  m_ReflectionProbeUsage: 1
  m_RenderingLayerMask: 1
  m_RendererPriority: 0
  m_Materials:
  - {fileID: 2100000, guid: 590cdd0f793139642879a1f8ba677a77, type: 3}
  - {fileID: 2100002, guid: 590cdd0f793139642879a1f8ba677a77, type: 3}
  m_StaticBatchInfo:
    firstSubMesh: 0
    subMeshCount: 0
  m_StaticBatchRoot: {fileID: 0}
  m_ProbeAnchor: {fileID: 0}
  m_LightProbeVolumeOverride: {fileID: 0}
  m_ScaleInLightmap: 1
  m_PreserveUVs: 0
  m_IgnoreNormalsForChartDetection: 0
  m_ImportantGI: 0
  m_StitchLightmapSeams: 0
  m_SelectedEditorRenderState: 3
  m_MinimumChartSize: 4
  m_AutoUVMaxDistance: 0.5
  m_AutoUVMaxAngle: 89
  m_LightmapParameters: {fileID: 0}
  m_SortingLayerID: 0
  m_SortingLayer: 0
  m_SortingOrder: 0
--- !u!54 &6800770485079962020
Rigidbody:
  m_ObjectHideFlags: 0
  m_CorrespondingSourceObject: {fileID: 0}
  m_PrefabInstance: {fileID: 0}
  m_PrefabAsset: {fileID: 0}
  m_GameObject: {fileID: 5282043818041742960}
  serializedVersion: 2
  m_Mass: 1
  m_Drag: 0
  m_AngularDrag: 0.05
  m_UseGravity: 1
  m_IsKinematic: 0
  m_Interpolate: 0
  m_Constraints: 0
  m_CollisionDetection: 0
--- !u!64 &6932480304041620043
MeshCollider:
  m_ObjectHideFlags: 0
  m_CorrespondingSourceObject: {fileID: 0}
  m_PrefabInstance: {fileID: 0}
  m_PrefabAsset: {fileID: 0}
  m_GameObject: {fileID: 5282043818041742960}
  m_Material: {fileID: 0}
  m_IsTrigger: 0
  m_Enabled: 1
  serializedVersion: 3
  m_Convex: 1
  m_CookingOptions: 14
  m_Mesh: {fileID: 4300024, guid: 590cdd0f793139642879a1f8ba677a77, type: 3}
--- !u!114 &1835753217838259849
MonoBehaviour:
  m_ObjectHideFlags: 0
  m_CorrespondingSourceObject: {fileID: 0}
  m_PrefabInstance: {fileID: 0}
  m_PrefabAsset: {fileID: 0}
  m_GameObject: {fileID: 5282043818041742960}
  m_Enabled: 1
  m_EditorHideFlags: 0
  m_Script: {fileID: 11500000, guid: b1bbb502083c41048a8fedc6a9693be7, type: 3}
  m_Name: 
  m_EditorClassIdentifier: 
  totalHitPoints: 10
  currentHitPoints: 10
  damageLevels: []
  destroyedPrefab: {fileID: 0}
  destroyedPrefabParent: {fileID: 0}
  fallbackParticle: {fileID: 0}
  fallbackParticleMaterial: {fileID: 0}
  damageEffects: []
  velocityReduction: 0.5
  ignoreCollisionsUnder: 2
  unparentOnDestroy: []
  disableKinematicOnUparentedChildren: 1
  replaceMaterials: []
  canBeDestroyed: 1
  canBeRepaired: 1
  canBeObliterated: 1
  debrisToReParentByName: []
  debrisToReParentIsKinematic: 0
  childrenToReParentByName: []
  destructibleGroupId: 0
  isDebrisChipAway: 0
  chipAwayDebrisMass: 1
  chipAwayDebrisDrag: 0
  chipAwayDebrisAngularDrag: 0.05
  autoPoolDestroyedPrefab: 1
  useFallbackParticle: 1
  centerPointOverride: {x: 0, y: 0, z: 0}
  sinkWhenDestroyed: 0
--- !u!1 &5317131130629500750
GameObject:
  m_ObjectHideFlags: 0
  m_CorrespondingSourceObject: {fileID: 0}
  m_PrefabInstance: {fileID: 0}
  m_PrefabAsset: {fileID: 0}
  serializedVersion: 6
  m_Component:
  - component: {fileID: 8374920834057851447}
  - component: {fileID: 4625162901902465971}
  - component: {fileID: 5559429478698804446}
  - component: {fileID: 6968336176379589875}
  - component: {fileID: 5851475471674087580}
  - component: {fileID: 2449129993817184864}
  m_Layer: 0
  m_Name: Cube_cell.009
  m_TagString: Untagged
  m_Icon: {fileID: 0}
  m_NavMeshLayer: 0
  m_StaticEditorFlags: 0
  m_IsActive: 1
--- !u!4 &8374920834057851447
Transform:
  m_ObjectHideFlags: 0
  m_CorrespondingSourceObject: {fileID: 0}
  m_PrefabInstance: {fileID: 0}
  m_PrefabAsset: {fileID: 0}
  m_GameObject: {fileID: 5317131130629500750}
  m_LocalRotation: {x: -0.7071068, y: 0, z: -0, w: 0.7071067}
  m_LocalPosition: {x: 0.10445923, y: 7.0328054, z: -2.7730498}
  m_LocalScale: {x: 100, y: 100, z: 100}
  m_Children: []
  m_Father: {fileID: 5068555449821707647}
  m_RootOrder: 9
  m_LocalEulerAnglesHint: {x: 0, y: 0, z: 0}
--- !u!33 &4625162901902465971
MeshFilter:
  m_ObjectHideFlags: 0
  m_CorrespondingSourceObject: {fileID: 0}
  m_PrefabInstance: {fileID: 0}
  m_PrefabAsset: {fileID: 0}
  m_GameObject: {fileID: 5317131130629500750}
  m_Mesh: {fileID: 4300030, guid: 590cdd0f793139642879a1f8ba677a77, type: 3}
--- !u!23 &5559429478698804446
MeshRenderer:
  m_ObjectHideFlags: 0
  m_CorrespondingSourceObject: {fileID: 0}
  m_PrefabInstance: {fileID: 0}
  m_PrefabAsset: {fileID: 0}
  m_GameObject: {fileID: 5317131130629500750}
  m_Enabled: 1
  m_CastShadows: 1
  m_ReceiveShadows: 1
  m_DynamicOccludee: 1
  m_MotionVectors: 1
  m_LightProbeUsage: 1
  m_ReflectionProbeUsage: 1
  m_RenderingLayerMask: 1
  m_RendererPriority: 0
  m_Materials:
  - {fileID: 2100000, guid: 590cdd0f793139642879a1f8ba677a77, type: 3}
  - {fileID: 2100002, guid: 590cdd0f793139642879a1f8ba677a77, type: 3}
  m_StaticBatchInfo:
    firstSubMesh: 0
    subMeshCount: 0
  m_StaticBatchRoot: {fileID: 0}
  m_ProbeAnchor: {fileID: 0}
  m_LightProbeVolumeOverride: {fileID: 0}
  m_ScaleInLightmap: 1
  m_PreserveUVs: 0
  m_IgnoreNormalsForChartDetection: 0
  m_ImportantGI: 0
  m_StitchLightmapSeams: 0
  m_SelectedEditorRenderState: 3
  m_MinimumChartSize: 4
  m_AutoUVMaxDistance: 0.5
  m_AutoUVMaxAngle: 89
  m_LightmapParameters: {fileID: 0}
  m_SortingLayerID: 0
  m_SortingLayer: 0
  m_SortingOrder: 0
--- !u!54 &6968336176379589875
Rigidbody:
  m_ObjectHideFlags: 0
  m_CorrespondingSourceObject: {fileID: 0}
  m_PrefabInstance: {fileID: 0}
  m_PrefabAsset: {fileID: 0}
  m_GameObject: {fileID: 5317131130629500750}
  serializedVersion: 2
  m_Mass: 1
  m_Drag: 0
  m_AngularDrag: 0.05
  m_UseGravity: 1
  m_IsKinematic: 0
  m_Interpolate: 0
  m_Constraints: 0
  m_CollisionDetection: 0
--- !u!64 &5851475471674087580
MeshCollider:
  m_ObjectHideFlags: 0
  m_CorrespondingSourceObject: {fileID: 0}
  m_PrefabInstance: {fileID: 0}
  m_PrefabAsset: {fileID: 0}
  m_GameObject: {fileID: 5317131130629500750}
  m_Material: {fileID: 0}
  m_IsTrigger: 0
  m_Enabled: 1
  serializedVersion: 3
  m_Convex: 1
  m_CookingOptions: 14
  m_Mesh: {fileID: 4300030, guid: 590cdd0f793139642879a1f8ba677a77, type: 3}
--- !u!114 &2449129993817184864
MonoBehaviour:
  m_ObjectHideFlags: 0
  m_CorrespondingSourceObject: {fileID: 0}
  m_PrefabInstance: {fileID: 0}
  m_PrefabAsset: {fileID: 0}
  m_GameObject: {fileID: 5317131130629500750}
  m_Enabled: 1
  m_EditorHideFlags: 0
  m_Script: {fileID: 11500000, guid: b1bbb502083c41048a8fedc6a9693be7, type: 3}
  m_Name: 
  m_EditorClassIdentifier: 
  totalHitPoints: 10
  currentHitPoints: 10
  damageLevels: []
  destroyedPrefab: {fileID: 0}
  destroyedPrefabParent: {fileID: 0}
  fallbackParticle: {fileID: 0}
  fallbackParticleMaterial: {fileID: 0}
  damageEffects: []
  velocityReduction: 0.5
  ignoreCollisionsUnder: 2
  unparentOnDestroy: []
  disableKinematicOnUparentedChildren: 1
  replaceMaterials: []
  canBeDestroyed: 1
  canBeRepaired: 1
  canBeObliterated: 1
  debrisToReParentByName: []
  debrisToReParentIsKinematic: 0
  childrenToReParentByName: []
  destructibleGroupId: 0
  isDebrisChipAway: 0
  chipAwayDebrisMass: 1
  chipAwayDebrisDrag: 0
  chipAwayDebrisAngularDrag: 0.05
  autoPoolDestroyedPrefab: 1
  useFallbackParticle: 1
  centerPointOverride: {x: 0, y: 0, z: 0}
  sinkWhenDestroyed: 0
--- !u!1 &5465381988069238906
GameObject:
  m_ObjectHideFlags: 0
  m_CorrespondingSourceObject: {fileID: 0}
  m_PrefabInstance: {fileID: 0}
  m_PrefabAsset: {fileID: 0}
  serializedVersion: 6
  m_Component:
  - component: {fileID: 7948933619997866298}
  - component: {fileID: 1660142676622001364}
  - component: {fileID: 1797238713857458459}
  - component: {fileID: 5464968440650021277}
  - component: {fileID: 419927256433224997}
  - component: {fileID: 1706098841160245858}
  m_Layer: 0
  m_Name: Cube_cell.008
  m_TagString: Untagged
  m_Icon: {fileID: 0}
  m_NavMeshLayer: 0
  m_StaticEditorFlags: 0
  m_IsActive: 1
--- !u!4 &7948933619997866298
Transform:
  m_ObjectHideFlags: 0
  m_CorrespondingSourceObject: {fileID: 0}
  m_PrefabInstance: {fileID: 0}
  m_PrefabAsset: {fileID: 0}
  m_GameObject: {fileID: 5465381988069238906}
  m_LocalRotation: {x: -0.7071068, y: 0, z: -0, w: 0.7071067}
  m_LocalPosition: {x: -2.58414, y: 0.40705916, z: 1.8713044}
  m_LocalScale: {x: 100, y: 100, z: 100}
  m_Children: []
  m_Father: {fileID: 5068555449821707647}
  m_RootOrder: 8
  m_LocalEulerAnglesHint: {x: 0, y: 0, z: 0}
--- !u!33 &1660142676622001364
MeshFilter:
  m_ObjectHideFlags: 0
  m_CorrespondingSourceObject: {fileID: 0}
  m_PrefabInstance: {fileID: 0}
  m_PrefabAsset: {fileID: 0}
  m_GameObject: {fileID: 5465381988069238906}
  m_Mesh: {fileID: 4300032, guid: 590cdd0f793139642879a1f8ba677a77, type: 3}
--- !u!23 &1797238713857458459
MeshRenderer:
  m_ObjectHideFlags: 0
  m_CorrespondingSourceObject: {fileID: 0}
  m_PrefabInstance: {fileID: 0}
  m_PrefabAsset: {fileID: 0}
  m_GameObject: {fileID: 5465381988069238906}
  m_Enabled: 1
  m_CastShadows: 1
  m_ReceiveShadows: 1
  m_DynamicOccludee: 1
  m_MotionVectors: 1
  m_LightProbeUsage: 1
  m_ReflectionProbeUsage: 1
  m_RenderingLayerMask: 1
  m_RendererPriority: 0
  m_Materials:
  - {fileID: 2100000, guid: 590cdd0f793139642879a1f8ba677a77, type: 3}
  - {fileID: 2100002, guid: 590cdd0f793139642879a1f8ba677a77, type: 3}
  m_StaticBatchInfo:
    firstSubMesh: 0
    subMeshCount: 0
  m_StaticBatchRoot: {fileID: 0}
  m_ProbeAnchor: {fileID: 0}
  m_LightProbeVolumeOverride: {fileID: 0}
  m_ScaleInLightmap: 1
  m_PreserveUVs: 0
  m_IgnoreNormalsForChartDetection: 0
  m_ImportantGI: 0
  m_StitchLightmapSeams: 0
  m_SelectedEditorRenderState: 3
  m_MinimumChartSize: 4
  m_AutoUVMaxDistance: 0.5
  m_AutoUVMaxAngle: 89
  m_LightmapParameters: {fileID: 0}
  m_SortingLayerID: 0
  m_SortingLayer: 0
  m_SortingOrder: 0
--- !u!54 &5464968440650021277
Rigidbody:
  m_ObjectHideFlags: 0
  m_CorrespondingSourceObject: {fileID: 0}
  m_PrefabInstance: {fileID: 0}
  m_PrefabAsset: {fileID: 0}
  m_GameObject: {fileID: 5465381988069238906}
  serializedVersion: 2
  m_Mass: 1
  m_Drag: 0
  m_AngularDrag: 0.05
  m_UseGravity: 1
  m_IsKinematic: 0
  m_Interpolate: 0
  m_Constraints: 0
  m_CollisionDetection: 0
--- !u!64 &419927256433224997
MeshCollider:
  m_ObjectHideFlags: 0
  m_CorrespondingSourceObject: {fileID: 0}
  m_PrefabInstance: {fileID: 0}
  m_PrefabAsset: {fileID: 0}
  m_GameObject: {fileID: 5465381988069238906}
  m_Material: {fileID: 0}
  m_IsTrigger: 0
  m_Enabled: 1
  serializedVersion: 3
  m_Convex: 1
  m_CookingOptions: 14
  m_Mesh: {fileID: 4300032, guid: 590cdd0f793139642879a1f8ba677a77, type: 3}
--- !u!114 &1706098841160245858
MonoBehaviour:
  m_ObjectHideFlags: 0
  m_CorrespondingSourceObject: {fileID: 0}
  m_PrefabInstance: {fileID: 0}
  m_PrefabAsset: {fileID: 0}
  m_GameObject: {fileID: 5465381988069238906}
  m_Enabled: 1
  m_EditorHideFlags: 0
  m_Script: {fileID: 11500000, guid: b1bbb502083c41048a8fedc6a9693be7, type: 3}
  m_Name: 
  m_EditorClassIdentifier: 
  totalHitPoints: 10
  currentHitPoints: 10
  damageLevels: []
  destroyedPrefab: {fileID: 0}
  destroyedPrefabParent: {fileID: 0}
  fallbackParticle: {fileID: 0}
  fallbackParticleMaterial: {fileID: 0}
  damageEffects: []
  velocityReduction: 0.5
  ignoreCollisionsUnder: 2
  unparentOnDestroy: []
  disableKinematicOnUparentedChildren: 1
  replaceMaterials: []
  canBeDestroyed: 1
  canBeRepaired: 1
  canBeObliterated: 1
  debrisToReParentByName: []
  debrisToReParentIsKinematic: 0
  childrenToReParentByName: []
  destructibleGroupId: 0
  isDebrisChipAway: 0
  chipAwayDebrisMass: 1
  chipAwayDebrisDrag: 0
  chipAwayDebrisAngularDrag: 0.05
  autoPoolDestroyedPrefab: 1
  useFallbackParticle: 1
  centerPointOverride: {x: 0, y: 0, z: 0}
  sinkWhenDestroyed: 0
--- !u!1 &6006616397245775984
GameObject:
  m_ObjectHideFlags: 0
  m_CorrespondingSourceObject: {fileID: 0}
  m_PrefabInstance: {fileID: 0}
  m_PrefabAsset: {fileID: 0}
  serializedVersion: 6
  m_Component:
  - component: {fileID: 3831240174133570968}
  - component: {fileID: 3564438978929108099}
  - component: {fileID: 6161250983008607525}
  - component: {fileID: 2039739439796791040}
  - component: {fileID: 8891744930600534171}
  - component: {fileID: 942606074932076734}
  m_Layer: 0
  m_Name: Cube_cell.001
  m_TagString: Untagged
  m_Icon: {fileID: 0}
  m_NavMeshLayer: 0
  m_StaticEditorFlags: 0
  m_IsActive: 1
--- !u!4 &3831240174133570968
Transform:
  m_ObjectHideFlags: 0
  m_CorrespondingSourceObject: {fileID: 0}
  m_PrefabInstance: {fileID: 0}
  m_PrefabAsset: {fileID: 0}
  m_GameObject: {fileID: 6006616397245775984}
  m_LocalRotation: {x: -0.7071068, y: 0, z: -0, w: 0.7071067}
  m_LocalPosition: {x: 0.056118608, y: 3.5853708, z: -0.8758244}
  m_LocalScale: {x: 100, y: 100, z: 100}
  m_Children: []
  m_Father: {fileID: 5068555449821707647}
  m_RootOrder: 1
  m_LocalEulerAnglesHint: {x: 0, y: 0, z: 0}
--- !u!33 &3564438978929108099
MeshFilter:
  m_ObjectHideFlags: 0
  m_CorrespondingSourceObject: {fileID: 0}
  m_PrefabInstance: {fileID: 0}
  m_PrefabAsset: {fileID: 0}
  m_GameObject: {fileID: 6006616397245775984}
  m_Mesh: {fileID: 4300046, guid: 590cdd0f793139642879a1f8ba677a77, type: 3}
--- !u!23 &6161250983008607525
MeshRenderer:
  m_ObjectHideFlags: 0
  m_CorrespondingSourceObject: {fileID: 0}
  m_PrefabInstance: {fileID: 0}
  m_PrefabAsset: {fileID: 0}
  m_GameObject: {fileID: 6006616397245775984}
  m_Enabled: 1
  m_CastShadows: 1
  m_ReceiveShadows: 1
  m_DynamicOccludee: 1
  m_MotionVectors: 1
  m_LightProbeUsage: 1
  m_ReflectionProbeUsage: 1
  m_RenderingLayerMask: 1
  m_RendererPriority: 0
  m_Materials:
  - {fileID: 2100000, guid: 590cdd0f793139642879a1f8ba677a77, type: 3}
  - {fileID: 2100002, guid: 590cdd0f793139642879a1f8ba677a77, type: 3}
  m_StaticBatchInfo:
    firstSubMesh: 0
    subMeshCount: 0
  m_StaticBatchRoot: {fileID: 0}
  m_ProbeAnchor: {fileID: 0}
  m_LightProbeVolumeOverride: {fileID: 0}
  m_ScaleInLightmap: 1
  m_PreserveUVs: 0
  m_IgnoreNormalsForChartDetection: 0
  m_ImportantGI: 0
  m_StitchLightmapSeams: 0
  m_SelectedEditorRenderState: 3
  m_MinimumChartSize: 4
  m_AutoUVMaxDistance: 0.5
  m_AutoUVMaxAngle: 89
  m_LightmapParameters: {fileID: 0}
  m_SortingLayerID: 0
  m_SortingLayer: 0
  m_SortingOrder: 0
--- !u!54 &2039739439796791040
Rigidbody:
  m_ObjectHideFlags: 0
  m_CorrespondingSourceObject: {fileID: 0}
  m_PrefabInstance: {fileID: 0}
  m_PrefabAsset: {fileID: 0}
  m_GameObject: {fileID: 6006616397245775984}
  serializedVersion: 2
  m_Mass: 1
  m_Drag: 0
  m_AngularDrag: 0.05
  m_UseGravity: 1
  m_IsKinematic: 0
  m_Interpolate: 0
  m_Constraints: 0
  m_CollisionDetection: 0
--- !u!64 &8891744930600534171
MeshCollider:
  m_ObjectHideFlags: 0
  m_CorrespondingSourceObject: {fileID: 0}
  m_PrefabInstance: {fileID: 0}
  m_PrefabAsset: {fileID: 0}
  m_GameObject: {fileID: 6006616397245775984}
  m_Material: {fileID: 0}
  m_IsTrigger: 0
  m_Enabled: 1
  serializedVersion: 3
  m_Convex: 1
  m_CookingOptions: 14
  m_Mesh: {fileID: 4300046, guid: 590cdd0f793139642879a1f8ba677a77, type: 3}
--- !u!114 &942606074932076734
MonoBehaviour:
  m_ObjectHideFlags: 0
  m_CorrespondingSourceObject: {fileID: 0}
  m_PrefabInstance: {fileID: 0}
  m_PrefabAsset: {fileID: 0}
  m_GameObject: {fileID: 6006616397245775984}
  m_Enabled: 1
  m_EditorHideFlags: 0
  m_Script: {fileID: 11500000, guid: b1bbb502083c41048a8fedc6a9693be7, type: 3}
  m_Name: 
  m_EditorClassIdentifier: 
  totalHitPoints: 10
  currentHitPoints: 10
  damageLevels: []
  destroyedPrefab: {fileID: 0}
  destroyedPrefabParent: {fileID: 0}
  fallbackParticle: {fileID: 0}
  fallbackParticleMaterial: {fileID: 0}
  damageEffects: []
  velocityReduction: 0.5
  ignoreCollisionsUnder: 2
  unparentOnDestroy: []
  disableKinematicOnUparentedChildren: 1
  replaceMaterials: []
  canBeDestroyed: 1
  canBeRepaired: 1
  canBeObliterated: 1
  debrisToReParentByName: []
  debrisToReParentIsKinematic: 0
  childrenToReParentByName: []
  destructibleGroupId: 0
  isDebrisChipAway: 0
  chipAwayDebrisMass: 1
  chipAwayDebrisDrag: 0
  chipAwayDebrisAngularDrag: 0.05
  autoPoolDestroyedPrefab: 1
  useFallbackParticle: 1
  centerPointOverride: {x: 0, y: 0, z: 0}
  sinkWhenDestroyed: 0
--- !u!1 &6326955392639524929
GameObject:
  m_ObjectHideFlags: 0
  m_CorrespondingSourceObject: {fileID: 0}
  m_PrefabInstance: {fileID: 0}
  m_PrefabAsset: {fileID: 0}
  serializedVersion: 6
  m_Component:
  - component: {fileID: 3486649805738665382}
  - component: {fileID: 5668723192415858505}
  - component: {fileID: 4445320360043294869}
  - component: {fileID: 4162366705150091105}
  - component: {fileID: 3454829286733855773}
  - component: {fileID: 3393311740497865944}
  m_Layer: 0
  m_Name: Cube_cell.003
  m_TagString: Untagged
  m_Icon: {fileID: 0}
  m_NavMeshLayer: 0
  m_StaticEditorFlags: 0
  m_IsActive: 1
--- !u!4 &3486649805738665382
Transform:
  m_ObjectHideFlags: 0
  m_CorrespondingSourceObject: {fileID: 0}
  m_PrefabInstance: {fileID: 0}
  m_PrefabAsset: {fileID: 0}
  m_GameObject: {fileID: 6326955392639524929}
  m_LocalRotation: {x: -0.7071068, y: 0, z: -0, w: 0.7071067}
  m_LocalPosition: {x: -2.0179176, y: 3.9891014, z: -1.8440323}
  m_LocalScale: {x: 100, y: 100, z: 100}
  m_Children: []
  m_Father: {fileID: 5068555449821707647}
  m_RootOrder: 3
  m_LocalEulerAnglesHint: {x: 0, y: 0, z: 0}
--- !u!33 &5668723192415858505
MeshFilter:
  m_ObjectHideFlags: 0
  m_CorrespondingSourceObject: {fileID: 0}
  m_PrefabInstance: {fileID: 0}
  m_PrefabAsset: {fileID: 0}
  m_GameObject: {fileID: 6326955392639524929}
  m_Mesh: {fileID: 4300042, guid: 590cdd0f793139642879a1f8ba677a77, type: 3}
--- !u!23 &4445320360043294869
MeshRenderer:
  m_ObjectHideFlags: 0
  m_CorrespondingSourceObject: {fileID: 0}
  m_PrefabInstance: {fileID: 0}
  m_PrefabAsset: {fileID: 0}
  m_GameObject: {fileID: 6326955392639524929}
  m_Enabled: 1
  m_CastShadows: 1
  m_ReceiveShadows: 1
  m_DynamicOccludee: 1
  m_MotionVectors: 1
  m_LightProbeUsage: 1
  m_ReflectionProbeUsage: 1
  m_RenderingLayerMask: 1
  m_RendererPriority: 0
  m_Materials:
  - {fileID: 2100002, guid: 590cdd0f793139642879a1f8ba677a77, type: 3}
  - {fileID: 2100000, guid: 590cdd0f793139642879a1f8ba677a77, type: 3}
  m_StaticBatchInfo:
    firstSubMesh: 0
    subMeshCount: 0
  m_StaticBatchRoot: {fileID: 0}
  m_ProbeAnchor: {fileID: 0}
  m_LightProbeVolumeOverride: {fileID: 0}
  m_ScaleInLightmap: 1
  m_PreserveUVs: 0
  m_IgnoreNormalsForChartDetection: 0
  m_ImportantGI: 0
  m_StitchLightmapSeams: 0
  m_SelectedEditorRenderState: 3
  m_MinimumChartSize: 4
  m_AutoUVMaxDistance: 0.5
  m_AutoUVMaxAngle: 89
  m_LightmapParameters: {fileID: 0}
  m_SortingLayerID: 0
  m_SortingLayer: 0
  m_SortingOrder: 0
--- !u!54 &4162366705150091105
Rigidbody:
  m_ObjectHideFlags: 0
  m_CorrespondingSourceObject: {fileID: 0}
  m_PrefabInstance: {fileID: 0}
  m_PrefabAsset: {fileID: 0}
  m_GameObject: {fileID: 6326955392639524929}
  serializedVersion: 2
  m_Mass: 1
  m_Drag: 0
  m_AngularDrag: 0.05
  m_UseGravity: 1
  m_IsKinematic: 0
  m_Interpolate: 0
  m_Constraints: 0
  m_CollisionDetection: 0
--- !u!64 &3454829286733855773
MeshCollider:
  m_ObjectHideFlags: 0
  m_CorrespondingSourceObject: {fileID: 0}
  m_PrefabInstance: {fileID: 0}
  m_PrefabAsset: {fileID: 0}
  m_GameObject: {fileID: 6326955392639524929}
  m_Material: {fileID: 0}
  m_IsTrigger: 0
  m_Enabled: 1
  serializedVersion: 3
  m_Convex: 1
  m_CookingOptions: 14
  m_Mesh: {fileID: 4300042, guid: 590cdd0f793139642879a1f8ba677a77, type: 3}
--- !u!114 &3393311740497865944
MonoBehaviour:
  m_ObjectHideFlags: 0
  m_CorrespondingSourceObject: {fileID: 0}
  m_PrefabInstance: {fileID: 0}
  m_PrefabAsset: {fileID: 0}
  m_GameObject: {fileID: 6326955392639524929}
  m_Enabled: 1
  m_EditorHideFlags: 0
  m_Script: {fileID: 11500000, guid: b1bbb502083c41048a8fedc6a9693be7, type: 3}
  m_Name: 
  m_EditorClassIdentifier: 
  totalHitPoints: 10
  currentHitPoints: 10
  damageLevels: []
  destroyedPrefab: {fileID: 0}
  destroyedPrefabParent: {fileID: 0}
  fallbackParticle: {fileID: 0}
  fallbackParticleMaterial: {fileID: 0}
  damageEffects: []
  velocityReduction: 0.5
  ignoreCollisionsUnder: 2
  unparentOnDestroy: []
  disableKinematicOnUparentedChildren: 1
  replaceMaterials: []
  canBeDestroyed: 1
  canBeRepaired: 1
  canBeObliterated: 1
  debrisToReParentByName: []
  debrisToReParentIsKinematic: 0
  childrenToReParentByName: []
  destructibleGroupId: 0
  isDebrisChipAway: 0
  chipAwayDebrisMass: 1
  chipAwayDebrisDrag: 0
  chipAwayDebrisAngularDrag: 0.05
  autoPoolDestroyedPrefab: 1
  useFallbackParticle: 1
  centerPointOverride: {x: 0, y: 0, z: 0}
  sinkWhenDestroyed: 0
--- !u!1 &8009833131622875051
GameObject:
  m_ObjectHideFlags: 0
  m_CorrespondingSourceObject: {fileID: 0}
  m_PrefabInstance: {fileID: 0}
  m_PrefabAsset: {fileID: 0}
  serializedVersion: 6
  m_Component:
  - component: {fileID: 6357243983830562712}
  - component: {fileID: 3751875046121161527}
  - component: {fileID: 8512767081108278437}
  - component: {fileID: 8864536389403767117}
  - component: {fileID: 5856136655650713579}
  - component: {fileID: 1018964347055405884}
  m_Layer: 0
  m_Name: Cube_cell.006
  m_TagString: Untagged
  m_Icon: {fileID: 0}
  m_NavMeshLayer: 0
  m_StaticEditorFlags: 0
  m_IsActive: 1
--- !u!4 &6357243983830562712
Transform:
  m_ObjectHideFlags: 0
  m_CorrespondingSourceObject: {fileID: 0}
  m_PrefabInstance: {fileID: 0}
  m_PrefabAsset: {fileID: 0}
  m_GameObject: {fileID: 8009833131622875051}
  m_LocalRotation: {x: -0.7071068, y: 0, z: -0, w: 0.7071067}
  m_LocalPosition: {x: 2.3855324, y: 6.2979846, z: -1.4881878}
  m_LocalScale: {x: 100, y: 100, z: 100}
  m_Children: []
  m_Father: {fileID: 5068555449821707647}
  m_RootOrder: 6
  m_LocalEulerAnglesHint: {x: 0, y: 0, z: 0}
--- !u!33 &3751875046121161527
MeshFilter:
  m_ObjectHideFlags: 0
  m_CorrespondingSourceObject: {fileID: 0}
  m_PrefabInstance: {fileID: 0}
  m_PrefabAsset: {fileID: 0}
  m_GameObject: {fileID: 8009833131622875051}
  m_Mesh: {fileID: 4300036, guid: 590cdd0f793139642879a1f8ba677a77, type: 3}
--- !u!23 &8512767081108278437
MeshRenderer:
  m_ObjectHideFlags: 0
  m_CorrespondingSourceObject: {fileID: 0}
  m_PrefabInstance: {fileID: 0}
  m_PrefabAsset: {fileID: 0}
  m_GameObject: {fileID: 8009833131622875051}
  m_Enabled: 1
  m_CastShadows: 1
  m_ReceiveShadows: 1
  m_DynamicOccludee: 1
  m_MotionVectors: 1
  m_LightProbeUsage: 1
  m_ReflectionProbeUsage: 1
  m_RenderingLayerMask: 1
  m_RendererPriority: 0
  m_Materials:
  - {fileID: 2100000, guid: 590cdd0f793139642879a1f8ba677a77, type: 3}
  - {fileID: 2100002, guid: 590cdd0f793139642879a1f8ba677a77, type: 3}
  m_StaticBatchInfo:
    firstSubMesh: 0
    subMeshCount: 0
  m_StaticBatchRoot: {fileID: 0}
  m_ProbeAnchor: {fileID: 0}
  m_LightProbeVolumeOverride: {fileID: 0}
  m_ScaleInLightmap: 1
  m_PreserveUVs: 0
  m_IgnoreNormalsForChartDetection: 0
  m_ImportantGI: 0
  m_StitchLightmapSeams: 0
  m_SelectedEditorRenderState: 3
  m_MinimumChartSize: 4
  m_AutoUVMaxDistance: 0.5
  m_AutoUVMaxAngle: 89
  m_LightmapParameters: {fileID: 0}
  m_SortingLayerID: 0
  m_SortingLayer: 0
  m_SortingOrder: 0
--- !u!54 &8864536389403767117
Rigidbody:
  m_ObjectHideFlags: 0
  m_CorrespondingSourceObject: {fileID: 0}
  m_PrefabInstance: {fileID: 0}
  m_PrefabAsset: {fileID: 0}
  m_GameObject: {fileID: 8009833131622875051}
  serializedVersion: 2
  m_Mass: 1
  m_Drag: 0
  m_AngularDrag: 0.05
  m_UseGravity: 1
  m_IsKinematic: 0
  m_Interpolate: 0
  m_Constraints: 0
  m_CollisionDetection: 0
--- !u!64 &5856136655650713579
MeshCollider:
  m_ObjectHideFlags: 0
  m_CorrespondingSourceObject: {fileID: 0}
  m_PrefabInstance: {fileID: 0}
  m_PrefabAsset: {fileID: 0}
  m_GameObject: {fileID: 8009833131622875051}
  m_Material: {fileID: 0}
  m_IsTrigger: 0
  m_Enabled: 1
  serializedVersion: 3
  m_Convex: 1
  m_CookingOptions: 14
  m_Mesh: {fileID: 4300036, guid: 590cdd0f793139642879a1f8ba677a77, type: 3}
--- !u!114 &1018964347055405884
MonoBehaviour:
  m_ObjectHideFlags: 0
  m_CorrespondingSourceObject: {fileID: 0}
  m_PrefabInstance: {fileID: 0}
  m_PrefabAsset: {fileID: 0}
  m_GameObject: {fileID: 8009833131622875051}
  m_Enabled: 1
  m_EditorHideFlags: 0
  m_Script: {fileID: 11500000, guid: b1bbb502083c41048a8fedc6a9693be7, type: 3}
  m_Name: 
  m_EditorClassIdentifier: 
  totalHitPoints: 10
  currentHitPoints: 10
  damageLevels: []
  destroyedPrefab: {fileID: 0}
  destroyedPrefabParent: {fileID: 0}
  fallbackParticle: {fileID: 0}
  fallbackParticleMaterial: {fileID: 0}
  damageEffects: []
  velocityReduction: 0.5
  ignoreCollisionsUnder: 2
  unparentOnDestroy: []
  disableKinematicOnUparentedChildren: 1
  replaceMaterials: []
  canBeDestroyed: 1
  canBeRepaired: 1
  canBeObliterated: 1
  debrisToReParentByName: []
  debrisToReParentIsKinematic: 0
  childrenToReParentByName: []
  destructibleGroupId: 0
  isDebrisChipAway: 0
  chipAwayDebrisMass: 1
  chipAwayDebrisDrag: 0
  chipAwayDebrisAngularDrag: 0.05
  autoPoolDestroyedPrefab: 1
  useFallbackParticle: 1
  centerPointOverride: {x: 0, y: 0, z: 0}
  sinkWhenDestroyed: 0
--- !u!1 &8562676451227008260
GameObject:
  m_ObjectHideFlags: 0
  m_CorrespondingSourceObject: {fileID: 0}
  m_PrefabInstance: {fileID: 0}
  m_PrefabAsset: {fileID: 0}
  serializedVersion: 6
  m_Component:
  - component: {fileID: 2466448774100333758}
  - component: {fileID: 5698110885707973010}
  - component: {fileID: 6275099256437844126}
  - component: {fileID: 1118058702734676356}
  - component: {fileID: 2083852997219516697}
  - component: {fileID: 3597858363587349078}
  m_Layer: 0
  m_Name: Cube_cell.002
  m_TagString: Untagged
  m_Icon: {fileID: 0}
  m_NavMeshLayer: 0
  m_StaticEditorFlags: 0
  m_IsActive: 1
--- !u!4 &2466448774100333758
Transform:
  m_ObjectHideFlags: 0
  m_CorrespondingSourceObject: {fileID: 0}
  m_PrefabInstance: {fileID: 0}
  m_PrefabAsset: {fileID: 0}
  m_GameObject: {fileID: 8562676451227008260}
  m_LocalRotation: {x: -0.7071068, y: 0, z: -0, w: 0.7071067}
  m_LocalPosition: {x: 2.0471323, y: 0.70491856, z: -1.082664}
  m_LocalScale: {x: 100, y: 100, z: 100}
  m_Children: []
  m_Father: {fileID: 5068555449821707647}
  m_RootOrder: 2
  m_LocalEulerAnglesHint: {x: 0, y: 0, z: 0}
--- !u!33 &5698110885707973010
MeshFilter:
  m_ObjectHideFlags: 0
  m_CorrespondingSourceObject: {fileID: 0}
  m_PrefabInstance: {fileID: 0}
  m_PrefabAsset: {fileID: 0}
  m_GameObject: {fileID: 8562676451227008260}
  m_Mesh: {fileID: 4300044, guid: 590cdd0f793139642879a1f8ba677a77, type: 3}
--- !u!23 &6275099256437844126
MeshRenderer:
  m_ObjectHideFlags: 0
  m_CorrespondingSourceObject: {fileID: 0}
  m_PrefabInstance: {fileID: 0}
  m_PrefabAsset: {fileID: 0}
  m_GameObject: {fileID: 8562676451227008260}
  m_Enabled: 1
  m_CastShadows: 1
  m_ReceiveShadows: 1
  m_DynamicOccludee: 1
  m_MotionVectors: 1
  m_LightProbeUsage: 1
  m_ReflectionProbeUsage: 1
  m_RenderingLayerMask: 1
  m_RendererPriority: 0
  m_Materials:
  - {fileID: 2100002, guid: 590cdd0f793139642879a1f8ba677a77, type: 3}
  - {fileID: 2100000, guid: 590cdd0f793139642879a1f8ba677a77, type: 3}
  m_StaticBatchInfo:
    firstSubMesh: 0
    subMeshCount: 0
  m_StaticBatchRoot: {fileID: 0}
  m_ProbeAnchor: {fileID: 0}
  m_LightProbeVolumeOverride: {fileID: 0}
  m_ScaleInLightmap: 1
  m_PreserveUVs: 0
  m_IgnoreNormalsForChartDetection: 0
  m_ImportantGI: 0
  m_StitchLightmapSeams: 0
  m_SelectedEditorRenderState: 3
  m_MinimumChartSize: 4
  m_AutoUVMaxDistance: 0.5
  m_AutoUVMaxAngle: 89
  m_LightmapParameters: {fileID: 0}
  m_SortingLayerID: 0
  m_SortingLayer: 0
  m_SortingOrder: 0
--- !u!54 &1118058702734676356
Rigidbody:
  m_ObjectHideFlags: 0
  m_CorrespondingSourceObject: {fileID: 0}
  m_PrefabInstance: {fileID: 0}
  m_PrefabAsset: {fileID: 0}
  m_GameObject: {fileID: 8562676451227008260}
  serializedVersion: 2
  m_Mass: 1
  m_Drag: 0
  m_AngularDrag: 0.05
  m_UseGravity: 1
  m_IsKinematic: 0
  m_Interpolate: 0
  m_Constraints: 0
  m_CollisionDetection: 0
--- !u!64 &2083852997219516697
MeshCollider:
  m_ObjectHideFlags: 0
  m_CorrespondingSourceObject: {fileID: 0}
  m_PrefabInstance: {fileID: 0}
  m_PrefabAsset: {fileID: 0}
  m_GameObject: {fileID: 8562676451227008260}
  m_Material: {fileID: 0}
  m_IsTrigger: 0
  m_Enabled: 1
  serializedVersion: 3
  m_Convex: 1
  m_CookingOptions: 14
  m_Mesh: {fileID: 4300044, guid: 590cdd0f793139642879a1f8ba677a77, type: 3}
--- !u!114 &3597858363587349078
MonoBehaviour:
  m_ObjectHideFlags: 0
  m_CorrespondingSourceObject: {fileID: 0}
  m_PrefabInstance: {fileID: 0}
  m_PrefabAsset: {fileID: 0}
  m_GameObject: {fileID: 8562676451227008260}
  m_Enabled: 1
  m_EditorHideFlags: 0
  m_Script: {fileID: 11500000, guid: b1bbb502083c41048a8fedc6a9693be7, type: 3}
  m_Name: 
  m_EditorClassIdentifier: 
  totalHitPoints: 10
  currentHitPoints: 10
  damageLevels: []
  destroyedPrefab: {fileID: 0}
  destroyedPrefabParent: {fileID: 0}
  fallbackParticle: {fileID: 0}
  fallbackParticleMaterial: {fileID: 0}
  damageEffects: []
  velocityReduction: 0.5
  ignoreCollisionsUnder: 2
  unparentOnDestroy: []
  disableKinematicOnUparentedChildren: 1
  replaceMaterials: []
  canBeDestroyed: 1
  canBeRepaired: 1
  canBeObliterated: 1
  debrisToReParentByName: []
  debrisToReParentIsKinematic: 0
  childrenToReParentByName: []
  destructibleGroupId: 0
  isDebrisChipAway: 0
  chipAwayDebrisMass: 1
  chipAwayDebrisDrag: 0
  chipAwayDebrisAngularDrag: 0.05
  autoPoolDestroyedPrefab: 1
  useFallbackParticle: 1
  centerPointOverride: {x: 0, y: 0, z: 0}
  sinkWhenDestroyed: 0
